3725 5892
470 535 567 602 mni
588 536 814 604 sunrcomn
841 535 990 622 cap-sa.
1012 540 1065 605 er.
1089 540 1142 607 ss.
1166 542 1219 606 aa.
1453 544 1516 610 aas

164 695 322 762 ‘Britanni
335 695 360 779 †
373 714 438 761 non
460 698 576 764 virtute
596 695 652 763 aed
671 697 834 763 occasione
856 707 888 763 et
902 707 970 788 arte
985 701 1073 765 ducis
1086 702 1165 774 rati,
1187 700 1264 767 nibil
1279 722 1319 767 ex
1333 702 1517 788 adrogantia

180 811 450 896 remittere,'quo
479 812 580 877 minus
607 809 798 876 iuventutem
821 821 993 889 armarent,
1022 812 1172 898 coniuges
1195 834 1232 879 ac
1254 811 1371 881 liberos
1392 818 1424 880 in
1445 814 1516 883 loca

179 930 247 990 tnta
267 919 490 1001 transferrent,
514 921 655 990 metibus
669 945 705 989 ao
717 923 876 991 sacrificiis
889 926 1151 1013 conspirationem
1168 925 1328 994 civitatum
1344 927 1512 995 sancirent.

180 1043 273 1122 atque
291 1037 336 1104 iia
355 1036 485 1104 irritatis
505 1039 652 1125 utrinqne
674 1036 785 1104 animis
806 1037 989 1105 discessum.

242 1147 306 1237 (28)
329 1153 446 1218 Eadem
473 1157 591 1217 aestate
612 1151 728 1217 cohors
750 1151 927 1238 Usipiorum
948 1172 1007 1239 per
1028 1153 1212 1219 Germanias
1233 1154 1409 1241 conscripta
1431 1164 1462 1221 ct
1483 1155 1538 1223 ins

179 1261 371 1331 Britanniam
398 1268 579 1332 transmissa
606 1284 754 1349 magnum
780 1284 817 1329 ac
839 1262 1044 1332 memorabile
1066 1264 1188 1332 lacinus
1209 1286 1285 1332 ausa
1306 1276 1365 1331 est.
1410 1265 1514 1333 occiso

180 1375 363 1443 centurione
385 1398 422 1445 ιο
441 1378 611 1459 militibus,
634 1380 690 1466 qui
711 1379 750 1446 ud
772 1378 954 1447 tradendam
976 1378 1174 1465 disciplinam
1194 1381 1328 1445 immixti
1350 1378 1516 1466 manipulis

181 1489 358 1577 exemplum
380 1498 411 1557 et
431 1499 572 1559 rectores
593 1490 810 1569 habebantur,
834 1501 898 1558 tres
919 1491 1090 1558 liburnicas
1112 1492 1228 1560 adactis
1249 1494 1387 1577 pervim
1402 1494 1517 1577 guber·

180 1604 342 1669 natoribus
355 1603 542 1685 ascendere;
563 1615 594 1672 et
608 1627 672 1673 uno
686 1605 882 1691 remigante,
906 1607 1056 1692 suspectis
1071 1604 1194 1671 duobus
1209 1625 1313 1693 eoque
1326 1604 1514 1681 interiectis,

178 1719 317 1784 nondum
339 1717 464 1803 vulgato
486 1740 613 1785 rumore
636 1729 670 1785 ut
689 1718 873 1785 miraculum
894 1715 1178 1802 praevebebantur.
1202 1719 1224 1799 ³,-
1244 1740 1319 1786 mon
1342 1717 1382 1785 ad
1403 1738 1553 1804 aquamso

180 1838 272 1917 atquc
293 1839 330 1896 ut
349 1830 403 1898 illa
424 1833 521 1919 raptis
542 1851 648 1899 secum
670 1831 828 1918 plerisque
841 1833 1063 1898 Britannorum
1077 1851 1133 1897 sua
1147 1829 1376 1897 defensantium
1391 1830 1514 1918 praelio

179 1946 357 2028 congressi,
391 1963 429 2010 ac
456 1965 549 2030 saepe
576 1944 732 2021 victores,
762 1942 928 2030 aliquando
950 1942 1048 2028 pulsi,
1071 1964 1111 2010 eo
1130 1944 1170 2009 a‘d
1192 1954 1366 2010 extremum
1388 1944 1513 2031 inopiae

183 2074 299 2123 venere
322 2064 358 2125 ui
378 2054 609 2124 infirmissimos
623 2077 771 2134 suornm,
795 2076 870 2123 mon
885 2065 971 2123 sortc
991 2059 1101 2123 ductos
1115 2066 1327 2123 vescerentur.
1349 2065 1441 2143 atque
1456 2060 1518 2123 cir·

181 2169 335 2236 cumrecti
355 2168 565 2246 Britanniam,
586 2170 709 2238 amissis
730 2189 788 2258 per
808 2168 962 2235 inscitiam
984 2172 1115 2256 regendi
1137 2170 1285 2245 naribus,
1308 2190 1364 2257 pro
1385 2175 1518 2256 praedu-

179 2281 272 2349 nibns
296 2280 409 2361 babiti,
437 2285 573 2369 primunr
595 2305 614 2351 a
636 2287 763 2360 Suavis,
791 2305 864 2348 mox
886 2303 905 2347 ι
925 2281 1031 2348 Frisiis
1052 2283 1218 2369 intercepti
1240 2291 1323 2349 sunt.
1368 2303 1405 2348 ac
1426 2282 1553 2355 luerem

179 2415 259 2484 quoe
286 2416 344 2481 per
369 2399 553 2465 commercia
580 2394 792 2472 venundatos,
819 2405 851 2462 et
876 2399 908 2461 in
936 2402 1074 2461 nostram
1096 2415 1197 2483 usqne
1217 2396 1319 2482 ripam
1344 2397 1517 2462 mutatione

179 2509 349 2578 ementium
369 2509 540 2588 adductos,
563 2508 713 2577 indicium
734 2510 811 2574 tanti
833 2528 923 2574 casus
945 2505 1125 2577 illustrarit.

243 2618 303 2707 (ii)
350 2625 444 2691 initio
477 2625 604 2690 aestatis
645 2621 788 2707 Agricola
828 2621 1000 2689 domesticu
1034 2620 1162 2687 vulnere
1195 2619 1292 2695 icius,
1332 2641 1414 2688 anno
1446 2631 1517 2689 unic

180 2741 286 2803 natum
321 2733 419 2804 lilium
453 2736 566 2803 amisit.
612 2754 707 2809 uuum
729 2755 834 2800 casum
863 2755 966 2822 neque
996 2745 1031 2800 ut
1054 2736 1198 2820 plerique
1223 2732 1352 2801 sortium
1378 2734 1516 2802 virorum

249 2907 275 2958 1.
293 2919 350 2958 auo
364 2909 463 2960 eirico
481 2904 545 2972 eat]
564 2907 649 2959 Locus
667 2916 824 2971 corruptus:
848 2921 902 2959 ooo
919 2910 1045 2960 oirtmem
1061 2909 1105 2958 aed
1122 2908 1281 2959 arcedonem
1299 2914 1323 2959 ei
1340 2915 1425 2959 ortem
1443 2909 1517 2960 ducto

179 2979 236 3028 ruti
252 2977 468 3039 Freinshemius,
497 2980 567 3043 guod
586 2984 686 3041 recepti
703 2978 846 3039 linebner,
874 2993 930 3029 ooo
956 2983 1054 3030 uirtute
1079 2980 1123 3028 red
1141 2981 1276 3029 oeeuoiona
1294 2984 1318 3028 et
1337 2987 1394 3029 orte
1415 2980 1518 3031 decieci

177 3048 235 3099 ruit
253 3048 341 3112 Roda,
359 3051 403 3102 aiil
422 3050 507 3102 aliter.
525 3075 558 3087 -
577 3050 604 3100 5.
624 3057 650 3100 at
667 3053 697 3100 in
713 3049 754 3107 Γ.
774 3056 840 3101 teate
859 3047 949 3108 llrot.,
969 3049 1221 3112 ettentsitaggtor„
1239 3047 1277 3099 Aa
1296 3052 1325 3099 io
1337 3062 1398 3100 cum
1413 3050 1515 3102 Putaui.

180 3118 212 3170 B.
231 3139 264 3157 -
292 3120 320 3170 7.
338 3121 465 3172 ioeermtia
482 3117 547 3170 ΓΔ.
568 3144 600 3157 -
618 3120 645 3170 ⁹.
664 3121 808 3183 remiponta
825 3120 866 3169 sc
886 3121 1047 3184 remipram
1065 3132 1126 3170 cum
1144 3120 1248 3173 Puteoi.
1270 3121 1309 3176 Bt
1329 3120 1363 3173 de
1379 3117 1403 3170 A
1422 3134 1515 3183 parum

180 3194 293 3241 moriat.
315 3215 345 3228 -
374 3192 418 3243 1⁰.
433 3190 645 3253 prooemiorum
661 3187 699 3250 A,
723 3190 901 3251 probabuntur
920 3189 977 3253 (etc)
997 3204 1048 3255 mg.
1068 3189 1106 3248 Γ,
1134 3195 1179 3249 unt
1199 3198 1311 3242 nostram
1331 3190 1438 3253 praebet
1456 3194 1515 3243 icet.

179 3281 214 3295 -
230 3272 295 3310 aeuo
311 3258 349 3310 od
365 3273 463 3324 uguom
482 3265 558 3324 utque
575 3268 606 3311 ut
623 3260 673 3310 iiio
690 3262 773 3320 ruptis
792 3274 876 3311 recum
890 3261 1021 3323 plerisque
1040 3266 1163 3322 corrupte
1181 3259 1255 3311 ΓΔε
1284 3274 1346 3312 mou
1362 3261 1411 3311 iao
1437 3268 1517 3325 utque

179 3327 319 3394 ilioropii
336 3338 361 3382 ai
378 3332 582 3396 earmplariegue
600 3343 630 3382 ea
649 3329 771 3404 libeoapt
791 3330 860 3381 baud
881 3334 958 3381 nimio
977 3330 1105 3391 probabttl
1134 3335 1202 3381 cuni.
1223 3331 1255 3379 li.
1284 3355 1314 3367 -
1349 3331 1393 3381 11.
1412 3337 1441 3381 ut
1467 3346 1517 3382 ruo

179 3398 277 3463 dalena-
296 3414 349 3464 mg.
367 3402 400 3457 Γ.
418 3426 452 3440 -
471 3400 515 3452 ld.
535 3405 612 3464 utque
630 3402 795 3450 circumuecti
812 3402 855 3453 1':
876 3406 955 3463 otgua
972 3402 1013 3451 iio
1031 3402 1199 3452 circumuecti
1216 3414 1275 3451 cnm
1294 3401 1396 3452 Putaui.
1417 3403 1448 3454 B.
1476 3401 1515 3454 lie

179 3468 273 3522 Aaou
290 3479 403 3524 coortat.
430 3498 459 3511 -
492 3472 536 3523 ib.
553 3474 640 3534 pricio
658 3471 720 3521 duos
737 3467 805 3521 uA.
825 3495 858 3508 -
889 3471 932 3522 tr.
961 3471 1091 3522 adductos
1108 3470 1185 3527 ΓΔ.
1215 3479 1241 3523 et
1259 3471 1327 3522 lidi,
1346 3484 1437 3524 ornnes
1455 3479 1515 3525 anto

180 3538 219 3592 iic
236 3542 362 3595 mduetoa
380 3542 421 3604 n,
441 3555 600 3607 operarum,
620 3547 649 3592 ni
666 3541 787 3600 ridetur,
806 3554 902 3593 errore.
924 3566 957 3577 -
976 3544 1020 3594 is.
1039 3556 1086 3593 occ
1103 3565 1115 3580 ·
1132 3565 1144 3579 ·
1161 3555 1207 3594 uae
1226 3540 1259 3592 Δ.

181 3703 234 3748 tear
250 3694 278 3748 bi
297 3703 350 3751 trae
367 3699 425 3748 siue
438 3696 520 3747 dubio
534 3703 608 3749 erant
621 3695 758 3758 ltomant.)
776 3697 830 3758 Qui
869 3699 940 3747 certo
958 3707 1000 3747 aa.
1020 3704 1203 3759 corruptorum
1215 3697 1382 3755 emendatior
1402 3710 1516 3749 somnae·

180 3773 329 3829 daiendunt
354 3776 493 3829 Puteolani
516 3789 631 3829 errorem
658 3778 829 3842 remipruota,
868 3776 976 3828 morabu
994 3784 1081 3828 umen
1101 3779 1179 3828 etiam
1202 3776 1513 3841 seilingioitotbtanama

180 3858 283 3921 tingant
308 3860 380 3910 buno
395 3857 598 3922 gubernatorem
629 3856 772 3909 dentinteoe
804 3860 830 3907 in
867 3870 929 3908 saoc
946 3854 984 3907 ud
1001 3867 1099 3921 equum
1116 3862 1142 3908 et
1161 3859 1302 3921 geoeueut
1315 3857 1516 3921 rupimducuoa

181 3938 305 4001 scapnam
337 3938 484 3990 liburnicae
504 3937 633 4001 alligatam
668 3950 699 3988 ac
724 3937 831 3989 iuotbna
867 3937 1005 4001 purisque·
1028 3958 1057 3971 -
1086 3941 1164 4000 cipue
1190 3931 1372 4000 circumuecti]
1401 3936 1517 3990 Proreus

182 4009 290 4069 abactrte
308 4017 434 4069 aliorsum
451 4019 604 4080 narigaeaer
623 4017 670 4069 ead
686 4019 744 4068 eine
761 4017 831 4069 elba·
868 4027 1063 4078 auperraoaoea
1091 4022 1131 4067 eet
1162 4021 1228 4078 pert
1257 4019 1298 4067 ito
1326 4031 1341 4068 a
1371 4017 1515 4069 Puteolano
1542 4075 1545 4090 ι

184 4099 246 4158 rtis,
266 4110 377 4163 quaeso,
395 4101 453 4149 nine
469 4110 539 4161 apua
556 4097 646 4149 dulcit
664 4110 731 4160 puer
743 4098 831 4159 copiae
869 4099 958 4147 nescio
975 4107 1024 4145 cur
1041 4096 1190 4153 inculcata,
1207 4110 1286 4161 guam
1300 4100 1425 4160 expunxit
1436 4100 1515 4149 eitam

181 4177 317 4241 quomodo
342 4180 365 4230 in
390 4178 505 4241 acaplaaa
529 4178 596 4229 ciens
621 4179 758 4241 inponere
786 4189 833 4239 pu·
868 4174 1003 4227 huebner.
1023 4200 1054 4213 -
1073 4172 1324 4239 primum-mue]
1343 4176 1411 4227 «atti
1424 4189 1515 4228 eorum

181 4258 269 4311 tereti
299 4270 389 4323 neone
410 4271 472 4311 aero
492 4261 660 4323 nauigatione
684 4263 775 4322 aptum
794 4259 831 4309 ri·
867 4269 883 4307 ι
901 4253 1012 4317 suerin,
1031 4255 1092 4311 alit,
1115 4257 1161 4318 gui
1183 4255 1230 4306 bon
1244 4256 1398 4319 eruperant,
1418 4256 1515 4307 delude

181 4338 261 4393 datur
287 4351 312 4392 a.
342 4339 490 4404 romtprore
516 4351 564 4402 pro
582 4337 719 4402 ousugere.
756 4336 831 4388 Clara
868 4348 882 4386 a
910 4335 1000 4385 Frisiis
1030 4336 1168 4398 intercepti
1195 4341 1290 4385 eunte
1315 4359 1347 4372 -
1372 4347 1390 4384 o
1410 4334 1515 4397 sucu]

181 4426 271 4471 aotam
308 4419 438 4478 niantflcat
466 4418 575 4471 Tacitus
612 4425 720 4482 propter
748 4418 830 4479 ipsam
869 4413 986 4466 «Suevos
1011 4414 1125 4478 inteiitga
1148 4415 1246 4479 anglos
1271 4421 1298 4467 ei
1314 4416 1442 4476 Autonoe,
1468 4422 1515 4479 out

181 4499 251 4551 lianc
261 4498 375 4550 duorum
385 4498 592 4563 gubernatorum
605 4499 830 4549 obtruncationem
868 4501 939 4545 trano
957 4494 1043 4544 ltibim
1062 4499 1104 4546 sttt
1122 4494 1155 4544 ad
1182 4508 1253 4546 mare
1277 4496 1438 4547 occidentale
1456 4507 1516 4557 par·

181 4586 263 4630 totam
282 4579 393 4632 huiusce
412 4581 510 4641 incepit
532 4581 662 4630 rationem
680 4585 761 4641 atque
779 4581 832 4627 eat·
868 4577 980 4626 itantare
999 4574 1149 4626 ridentur.»
1166 4575 1287 4626 Wanrn·
1302 4599 1333 4612 -
1345 4576 1375 4625 io
1386 4571 1514 4640 nostrum]

181 4665 238 4710 tum
268 4662 350 4726 magia
381 4661 511 4712 locarium
542 4667 622 4723 atqua
652 4656 830 4721 periculosum
867 4658 999 4706 sinistram
1018 4654 1103 4705 libant
1122 4657 1216 4717 ripam.

181 4737 278 4791 tactom
297 4751 372 4800 erra,
402 4738 471 4792 duaa
496 4750 556 4789 cuns
576 4737 720 4790 liburnicas
737 4735 830 4801 guber·
901 4734 946 4785 29.
967 4735 1047 4785 initio
1065 4734 1192 4799 uectoria]
1217 4732 1361 4797 «intellige
1378 4735 1514 4798 sequentis

181 4812 706 4883 acroceraunus-proeminentiam
720 4815 830 4867 niiaod
866 4816 921 4866 rire
940 4816 1068 4876 septimae
1093 4811 1128 4877 (a.
1148 4828 1176 4864 u.
1194 4813 1255 4864 8³¹1.
1275 4813 1417 4864 Domitiani
1436 4811 1513 4878 iv.);

181 4911 241 4950 raro
271 4909 320 4963 pao
347 4896 627 4963 mausuariorum.
675 4893 729 4946 cir.
759 4895 830 4946 dnn.
868 4899 896 4945 at
911 4907 1038 4947 numeros
1064 4895 1184 4955 emptori
1209 4905 1262 4944 ouo
1283 4892 1513 4944 retriutorem.»

181 4977 216 5039 2,
242 4975 270 5029 d.
298 4978 369 5030 illst.
397 4975 431 5038 2,
459 4976 486 5028 i.
514 4975 580 5027 lior·
597 4975 627 5028 C·
653 4972 687 5035 4,
716 4972 751 5037 a,
779 4977 829 5027 ior
868 4975 920 5026 ita.
951 4970 1196 5037 (Quemadmodum
1221 4972 1326 5025 volebat
1351 4970 1513 5039 bruteriua.)

181 5068 252 5124 gaina
270 5057 456 5123 timenem
479 5054 564 5119 teritio
587 5053 751 5121 prustiaaot.
777 5055 830 5109 lta.
868 5079 900 5090 -
913 5054 998 5119 ptiust
1011 5048 1111 5116 omisit]
1132 5052 1178 5105 iiia
1196 5054 1296 5104 eciiicat
1313 5052 1514 5117 temporibuaet

182 5159 217 5173 -
245 5150 309 5190 mon
337 5137 375 5190 od
404 5131 520 5202 mom]
552 5136 694 5198 interpreti
724 5135 831 5199 puidam
870 5136 920 5186 tam
939 5140 1000 5185 ante
1024 5145 1055 5186 ca
1073 5132 1241 5194 proconsules
1264 5143 1354 5182 seeum
1372 5145 1466 5186 uxorea
1484 5137 1511 5187 iar

182 5215 294 5270 tortaaoa
310 5217 433 5274 rumore
451 5218 549 5288 poterit
560 5216 680 5272 Rtomoi
698 5227 751 5270 ouo
769 5219 832 5270 ratio
869 5214 1010 5282 prorieetie
1027 5211 1176 5275 nebettam
1196 5212 1229 5264 de
1247 5222 1300 5278 que
1317 5214 1512 5273 consuetudine

215 5308 371 5386 'tamti
1197 5306 1240 5377 88
