3725 5892
731 476 935 546 menaeus
955 479 997 546 ss.
1018 478 1074 545 111.
1506 481 1570 547 627

236 640 306 697 sitia
331 640 527 698 tieroaianam
552 654 666 714 qunque
694 640 789 697 autam
819 642 973 697 onerarunt
999 642 1030 696 et
1055 639 1172 711 gravia
1191 639 1383 709 inlrauarunt,
1415 641 1569 698 amentem

236 725 323 782 etiam
341 726 488 783 immundo
506 740 559 783 suc
576 728 711 783 contactu
732 725 859 796 polluere
880 724 998 793 Musas,
1028 730 1058 781 el
1076 725 1107 780 in
1126 725 1246 794 gratiam
1266 724 1388 781 Neronia
1406 742 1464 782 non
1483 729 1570 784 modo

237 812 367 881 podtari,
389 812 441 869 sed
458 814 489 868 et
508 809 684 880 tragoediam
702 809 899 879 committere,
929 814 1042 867 ormana
1061 810 1117 867 vici
1136 813 1165 866 et
1185 826 1220 866 eo
1239 809 1359 882 redegi,
1387 816 1417 869 ut
1437 813 1508 870 nihil
1526 811 1570 869 illi

236 897 375 968 profuerit
391 910 447 953 sua
465 897 613 969 potentia,
635 897 704 967 quin
722 895 833 952 iudices
851 895 887 951 de
906 893 958 951 illo
977 895 1046 952 mihi
1065 897 1190 968 palmam
1208 896 1341 953 demut.»

310 982 417 1038 Verum
446 986 545 1039 contra
575 982 649 1038 hanc
677 996 790 1053 qouque
809 980 975 1051 opinionem
996 981 1164 1050 gravissima
1190 981 1276 1037 dubia
1301 983 1410 1039 moveri
1430 988 1569 1056 poeaunt:

236 1067 359 1140 primum
379 1069 456 1125 enim
475 1068 524 1124 vix
536 1066 687 1140 probabile
705 1070 750 1123 eat
767 1067 799 1122 in
811 1066 944 1123 Neroneo
963 1080 1055 1135 agone
1068 1069 1207 1122 certatum
1220 1081 1285 1123 esse
1305 1070 1476 1137 tragoediis,
1497 1086 1571 1144 qnae

238 1157 316 1210 certe
348 1154 534 1224 longissimae
564 1153 765 1221 recitationes,
798 1152 874 1208 omni
908 1155 1010 1208 ornatu
1038 1165 1072 1208 ae
1102 1165 1205 1223 pompa
1234 1151 1367 1210 theatrali
1395 1155 1569 1228 destitutae,

238 1254 376 1311 perquam
393 1238 539 1295 taediosae
559 1238 731 1295 accidissent
745 1236 922 1293 auditoribus
935 1240 964 1292 et
976 1239 1043 1292 ante
1056 1251 1156 1293 omnes
1169 1236 1224 1308 ipsi
1238 1237 1363 1301 Neroni,
1384 1241 1432 1312 qui
1451 1243 1568 1298 caelesti

237 1339 290 1380 suo
310 1328 395 1381 cantu
414 1325 498 1381 unice
517 1323 735 1390 oblectabatnr3
770 1322 874 1378 deinde
900 1320 1097 1378 incredibilius
1122 1322 1208 1378 ctiam
1228 1326 1272 1379 cat
1289 1323 1436 1382 Vatinium
1455 1342 1571 1399 compo·

237 1411 329 1465 suisne
349 1409 537 1480 tragoediam,
570 1423 656 1482 quam
675 1424 740 1464 cum
759 1407 941 1464 Materuiaua
960 1408 1165 1476 committeret,
1186 1409 1301 1466 ioednm
1329 1409 1411 1466 illum
1430 1427 1569 1483 scurram,

237 1494 283 1550 cui
311 1509 451 1552 summum
481 1494 581 1551 lascivi
610 1493 845 1567 hendecasyllabi
866 1496 896 1549 et
913 1492 1118 1564 epigrammata
1143 1493 1228 1550 tribui
1257 1500 1384 1565 queunt,
1417 1497 1441 1554 si
1475 1502 1570 1556 tamen

238 1594 363 1653 uuquam
383 1595 483 1636 versus
502 1581 557 1636 iste
576 1580 662 1644 tacite
694 1593 760 1634 nam
783 1577 925 1636 Martialis
951 1577 1024 1634 iilud
1054 1577 1107 1647 tt,
1127 1576 1180 1634 as:
1215 1577 1317 1635 Colica
1340 1579 1452 1639 Vatinii.
1497 1584 1570 1642 Vitio

236 1668 338 1722 amoris
356 1666 469 1723 calicem
487 1672 660 1721 mmmmm
682 1664 775 1722 Vatini
793 1661 906 1734 Accipe5
935 1665 982 1719 sed
998 1680 1082 1719 num
1100 1664 1208 1737 longia
1226 1665 1273 1720 itte
1290 1666 1359 1734 tait,
1390 1673 1505 1742 propter
1522 1687 1568 1739 ea,

237 1766 312 1823 quae
325 1751 364 1807 ibi
378 1751 415 1807 de
428 1752 494 1807 aliis
508 1749 646 1807 calicibus
660 1750 792 1820 leguntur
806 1748 886 1823 (1082
911 1745 1013 1805 cutes
1026 1747 1182 1822 chaetiai.
1224 1749 1295 1807 109:
1317 1750 1418 1809 &tices
1429 1760 1568 1827 pmmati.

238 1836 308 1894 115:
331 1834 433 1894 Calices
444 1838 526 1893 citrei
538 1834 606 1908 cet.)
621 1850 679 1892 uon
692 1836 730 1892 de
742 1835 793 1891 viti
806 1834 902 1908 aliquo
914 1832 1023 1890 Vatinii
1036 1838 1178 1908 poemate,
1194 1840 1224 1891 ut
1236 1836 1368 1908 opinatur
1382 1839 1569 1915 Doederlein,

236 1923 288 1980 sed
308 1923 345 1979 de
364 1936 433 1980 roro
452 1923 542 1979 calice
573 1921 654 1978 fictili
679 1921 725 1979 ret
753 1919 866 1989 vitreo,
898 1918 1032 1977 insolitae
1061 1936 1095 1977 ac
1123 1920 1262 1979 ridiculae
1290 1923 1410 1982 alicuius
1442 1927 1568 2002 turmae,

236 2008 457 2078 intelligendum
475 2022 541 2065 esee
561 2007 647 2063 nimis
666 2006 846 2063 manifestum
867 2009 921 2062 eat.

310 2093 391 2152 littro
409 2094 494 2165 igitur
511 2093 699 2150 conliteamur
717 2106 836 2149 neeesse
860 2096 905 2148 eat
930 2090 1007 2148 hune
1025 2089 1117 2148 Taciti
1140 2092 1235 2150 locum
1255 2092 1353 2153 denaia
1372 2097 1500 2157 tenebris
1519 2100 1570 2157 oh·

236 2179 323 2236 sitnm
341 2180 447 2238 nocida
467 2178 643 2252 temporibus
662 2177 771 2251 liquido
788 2176 912 2248 intelligi
931 2177 990 2234 iam
1010 2192 1068 2233 uon
1086 2192 1181 2248 posse.

430 2546 592 2610 attrahi
610 2543 812 2611 excitastis
833 2543 889 2607 111.
912 2544 966 2608 Ah
988 2545 1021 2610 C.
1042 2544 1172 2609 XXXV.
1196 2554 1228 2612 ct
1247 2549 1313 2614 XL.
1336 2546 1369 2626 ‘)

293 2712 367 2752 crem
384 2692 514 2768 cogitare]
537 2694 711 2768 «Sequentia
729 2694 873 2767 eloquitur
890 2694 1057 2763 Maternus,
1084 2696 1324 2766 quemadmodum
1344 2700 1437 2759 exitus
1456 2704 1569 2778 Diatogi

236 2783 379 2852 ostendit,
399 2798 458 2839 uon
478 2781 644 2852 Secundus,
665 2796 740 2854 quae
758 2780 818 2837 Uir.
834 2780 956 2838 Beckeri
976 2782 1154 2854 aliorumque
1173 2785 1316 2841 sententia
1335 2790 1389 2842 eat.
1420 2787 1568 2848 Maternus

237 2871 381 2926 oratorum
408 2871 536 2924 veterum
564 2882 633 2940 prae
665 2866 747 2924 noris
776 2866 981 2938 praestantiam
1010 2881 1047 2922 ex
1083 2867 1195 2924 turbida
1221 2870 1327 2927 veteris
1367 2872 1410 2928 rei
1436 2875 1569 2946 publicae

236 2954 404 3011 condicione
431 2952 626 3024 explicaturus
658 2952 797 3024 paulatim
830 2951 955 3021 maurgil
982 2953 1028 3020 et,
1062 2955 1214 3024 postquam
1241 2954 1426 3013 incitamenta
1456 2962 1568 3036 antiqui

236 3040 357 3098 oratoris
385 3040 415 3094 ct
440 3037 569 3109 praemia
596 3039 762 3110 percensuit
790 3038 968 3109 formamque
997 3033 1166 3093 iudiciorum
1184 3042 1214 3095 et
1230 3042 1467 3102 cousuetudinem
1487 3049 1568 3119 prins

235 3126 330 3183 minus
355 3123 518 3181 adstrictam
548 3123 715 3193 descripsit,
745 3125 921 3194 postremum
947 3120 992 3195 (C.
1020 3117 1081 3192 to.)
1114 3124 1190 3196 quod
1215 3126 1354 3199 seutit'')
1382 3134 1566 3205 pronuntiat,

236 3209 427 3282 eloquentiam
457 3220 522 3263 esse
556 3207 702 3264 alumnam
733 3207 883 3278 licentiae,
916 3205 1038 3278 ideoque
1067 3208 1143 3279 apud
1170 3211 1321 3284 antiquos,
1354 3229 1419 3271 cum
1448 3218 1569 3275 licenter

236 3298 376 3366 agerent,
396 3296 570 3350 camertem
590 3292 733 3362 riguisse,
752 3293 804 3349 aad
823 3292 901 3363 iam,
927 3298 993 3347 cum
1013 3295 1107 3349 amota
1127 3293 1243 3352 neonus
1262 3296 1391 3356 modeste
1411 3302 1566 3376 viveretur,

236 3380 355 3437 tractam
374 3393 440 3436 esse
459 3377 616 3435 nohhilem
634 3378 738 3449 prioris
756 3378 821 3436 aeri
840 3377 1045 3451 eloquentiam.

310 3465 366 3535 Qui
384 3462 509 3522 Secundi
528 3464 688 3520 oraticnem
707 3462 772 3520 huto
792 3463 872 3535 operi
892 3463 1029 3519 insertam
1049 3462 1138 3520 luisse
1163 3465 1345 3541 existimant,
1371 3473 1473 3532 taleam
1500 3491 1568 3534 seu·

236 3551 353 3610 tentiam
371 3566 407 3607 ex
426 3550 459 3608 G.
482 3549 528 3606 id.
550 3549 716 3607 hauserunt.
756 3548 814 3605 Sed
832 3563 891 3605 non
911 3551 957 3605 eat
974 3548 1037 3620 ipse
1057 3548 1225 3621 Secundus,
1246 3555 1295 3628 qui
1313 3571 1346 3612 se
1365 3558 1507 3619 dicturum
1526 3564 1568 3622 ibi

235 3636 391 3709 promittit,
424 3635 476 3693 aed
502 3635 650 3695 Maternus
678 3632 830 3707 pollicetur
854 3648 887 3689 se
914 3637 945 3690 et
972 3633 1136 3693 Secundum
1165 3643 1348 3698 exsecuturos
1376 3659 1427 3702 eas
1451 3652 1567 3722 partes,

235 3737 307 3796 quaa
326 3721 522 3778 intellexerint
542 3722 697 3780 Messalam
716 3736 775 3778 uon
802 3723 859 3776 tam
880 3718 1011 3775 omisisse
1037 3734 1123 3792 quam
1141 3720 1213 3793 ipsis
1230 3725 1402 3799 reliquisse;
1430 3748 1505 3803 qnae
1524 3741 1569 3795 est

235 3806 392 3864 honorifica
410 3806 495 3863 amici
515 3806 763 3875 commemoratio,
793 3803 865 3860 nihil
883 3803 1017 3876 amplius.
1057 3805 1114 3861 Sed
1135 3808 1250 3876 gratim
1270 3814 1330 3882 est,
1358 3816 1434 3885 quod
1454 3833 1491 3874 ex
1510 3819 1568 3878 dne

234 3892 347 3964 Diatogi
375 3891 483 3965 liquido
512 3894 632 3964 apparet
658 3891 822 3948 Secundum
851 3905 909 3945 non
942 3905 1007 3946 ease
1035 3890 1171 3948 locutum.
1224 3895 1297 3954 Nam
1326 3898 1474 3961 Maternus
1504 3910 1568 3977 post

235 3976 345 4034 linitam
370 3978 529 4034 orationem
557 3991 711 4047 assurgens
735 3974 901 4048 aprumque
927 3976 1096 4047 complexus
1116 3978 1177 4034 lore
1196 3978 1284 4052 dicit,
1318 3988 1349 4041 ut
1376 3987 1438 4059 ipse
1457 3990 1567 4061 Aprum

235 4064 344 4135 pollis,
373 4063 499 4121 Messala
525 4062 648 4119 eundem
667 4060 836 4134 antiquariis
854 4060 1091 4117 criminarentur:
1126 4064 1177 4119 scd
1196 4065 1276 4138 Aper
1295 4069 1333 4124 ad
1351 4069 1512 4130 Maternum
1533 4090 1567 4132 ac

234 4147 390 4204 Messalam
410 4162 584 4219 conversus,
618 4146 732 4218 otigo„
757 4145 872 4218 inquit,
904 4160 974 4201 «ros
994 4145 1157 4205 rhetoribus
1176 4152 1205 4204 et
1223 4151 1403 4211 scholasticis
1423 4157 1567 4230 (crimina-

234 4231 329 4307 hort.»
367 4232 456 4289 Vides
475 4248 576 4291 omnes
595 4232 643 4305 qui
663 4230 748 4289 locuti
768 4234 852 4287 erant
870 4233 1106 4302 commemorari,
1136 4233 1301 4293 Secundum
1320 4244 1489 4314 ceterosque
1518 4246 1566 4316 qui

234 4318 384 4374 audierant
402 4317 517 4375 silentio
535 4317 699 4375 transmitti.
739 4316 824 4372 adua
843 4316 935 4372 taleae
954 4314 1032 4373 illius
1045 4318 1188 4389 opinionis
1201 4321 1405 4382 adminiculum
1419 4328 1455 4383 ad
1469 4327 1501 4385 C.
1515 4326 1563 4387 dli.

234 4403 372 4460 subruere
391 4404 514 4474 placet.»

310 4487 343 4545 C.
363 4484 423 4545 XL.
462 4485 651 4561 cdmoeheact]
677 4487 802 4544 Auctore
822 4485 994 4544 Meumauuo
1019 4489 1118 4560 plures
1142 4493 1270 4549 statumt
1288 4498 1353 4564 post
1372 4493 1427 4552 hoe
1445 4497 1564 4556 verbum

233 4572 381 4642 ingentem
399 4572 507 4633 hiatum
525 4586 602 4631 esse.
643 4572 701 4630 Sed
720 4572 792 4630 nihil
809 4573 937 4630 excidit:
959 4587 1044 4631 «nam
1056 4574 1205 4634 Maternus
1218 4578 1255 4634 de
1267 4580 1370 4636 eodem
1384 4588 1563 4657 argumento,

305 4826 327 4889 ·)
343 4828 438 4881 iitttsrt
456 4830 613 4880 renuntiem
631 4839 703 4881 nune
721 4828 875 4894 comprobat
891 4832 972 4883 ettam
990 4833 1156 4884 acutissimus
1173 4831 1390 4895 hoedcrtetutuac
1411 4850 1499 4905 acque
1518 4841 1564 4894 ob·

235 4899 404 4953 ltstacaodom
430 4905 471 4952 est
496 4898 596 4950 nultum
615 4904 722 4952 omuino
741 4902 767 4950 tn
786 4900 872 4952 Ltbrta
890 4900 955 4966 Cap.
974 4902 1020 4954 it).
1039 4915 1191 4966 comparere
1210 4905 1505 4973 defaecatissimum,
1534 4921 1563 4966 ut

235 4980 325 5094 mn
335 4971 473 5093 ⁴(tltatsctua
497 4973 524 5022 ln
549 4970 642 5021 lisdem
670 4977 793 5024 accurate
818 4978 923 5025 notatm
950 4980 989 5025 est
1015 4972 1081 5036 cao.
1107 4974 1151 5024 ³5.
1187 4973 1294 5028 Monuit
1311 4978 1362 5030 hoc
1379 4983 1429 5032 tam
1449 4982 1564 5036 atrurn·

303 5136 338 5208 ”i
355 5140 423 5195 ilde
440 5145 528 5192 tarum
546 5150 616 5204 quae
632 5140 670 5194 thl
687 5140 889 5207 atgntticavtmus
907 5141 941 5194 de
958 5141 1060 5194 occulta
1077 5146 1104 5196 et
1121 5142 1252 5208 prudente
1269 5146 1381 5202 Materni
1400 5152 1493 5206 tronis.
