3725 5892
574 371 668 439 vna
688 371 917 442 acereousn
947 376 1019 462 cap.
1042 376 1093 441 ts.
1118 376 1169 442 ts.
1476 381 1537 444 sss

207 530 349 618 contigit.
391 532 633 621 Excepissemus
654 540 738 600 certe
756 535 900 599 mandata
917 554 1091 622 vocatque,
1115 555 1191 623 quas
1206 539 1328 623 penitus
1341 536 1447 602 animo
1462 535 1539 621 fige

207 665 322 716 temus.
365 653 472 714 noster
498 647 550 712 hic
578 647 687 724 dolor,
718 654 859 713 nostrum
891 647 1018 727 vulnus,
1048 646 1139 714 nobis
1161 657 1223 714 tarn
1245 649 1357 734 lostgee
1379 646 1538 714 absentiae

207 756 392 826 condicione
420 767 492 824 anic
521 758 763 845 quadriennium
792 762 924 826 amissus
954 782 999 827 os.
1044 763 1150 827 omnia
1177 764 1243 827 sine
1271 759 1387 839 dubio,
1421 763 1538 849 optime

206 878 388 961 parentum,
409 872 564 944 assidente
578 873 789 946 amantissima
801 887 903 940 uxore
917 871 1102 960 superfuere
1115 874 1228 941 honori
1240 885 1311 940 luo:
1335 875 1538 960 paucioribus

206 996 311 1056 umen
335 986 473 1054 lacrimis
494 989 685 1073 compositus
707 1006 760 1063 es,
792 995 823 1052 et
844 989 1014 1053 novissima
1035 989 1067 1052 in
1088 990 1159 1052 luce
1182 987 1398 1053 desideravere
1420 988 1560 1073 aliquids

204 1099 291 1168 oculi
312 1098 368 1170 tui.
413 1097 473 1185 (16)
496 1101 523 1165 si
545 1099 614 1185 quis
635 1101 761 1186 piarum
782 1102 926 1166 manibus
948 1103 1050 1177 locus,
1081 1100 1121 1174 si.
1150 1108 1185 1164 nt
1206 1100 1394 1186 sapientibus
1416 1103 1536 1187 placei,

205 1235 271 1280 non
285 1235 356 1280 cum
371 1232 504 1300 corpore
519 1212 757 1298 exstingnuntur
772 1235 902 1300 magnae
917 1215 1058 1290 animae,
1081 1213 1201 1299 placide
1216 1213 1375 1301 quiescas,
1398 1234 1537 1300 nosque,

206 1325 334 1395 domum
369 1333 456 1394 tuam
487 1328 527 1392 ab
559 1324 683 1392 infirmo
719 1326 878 1393 desiderio
910 1337 942 1391 et
973 1326 1179 1392 muliebribus
1211 1325 1353 1391 lamentis
1387 1328 1426 1391 ad
1466 1347 1540 1391 coa·

205 1442 440 1525 templationem
464 1440 616 1506 virtutum
643 1450 768 1507 tuarum
801 1460 909 1514 voces,
939 1459 1017 1524 quas
1050 1459 1152 1523 neque
1181 1441 1281 1524 lugeri
1310 1459 1413 1526 acque
1434 1439 1539 1525 plangi

205 1552 253 1620 i'as
294 1561 353 1622 est.
415 1549 620 1619 admiratione
664 1563 694 1617 ie
741 1554 845 1638 polius
888 1575 978 1638 quam
1021 1552 1248 1637 temporalibus
1291 1550 1434 1617 laudibus
1491 1559 1577 1629 αμα

275 1699 301 1749 1.
321 1698 481 1761 recepissem
493 1698 525 1747 Γ.
545 1697 665 1749 correrii
683 1697 807 1749 Plebena.
839 1723 867 1734 -
901 1698 951 1746 uel.
971 1698 1152 1758 plspsremusr
1171 1710 1222 1760 mg.
1243 1697 1273 1748 Γ.
1296 1723 1323 1733 -
1352 1698 1380 1747 2.
1399 1694 1465 1761 tam]
1485 1698 1536 1749 sai.

205 1773 262 1820 tum
278 1782 330 1832 rna·
350 1769 382 1820 Γ.
411 1794 439 1806 -
472 1765 577 1832 lampae]
595 1774 702 1819 nostrae
720 1766 752 1818 A.
780 1789 812 1805 ·-
837 1767 863 1815 a.
893 1766 1067 1816 cenationem
1085 1767 1117 1819 A.
1140 1791 1170 1802 -
1203 1774 1240 1817 est
1260 1765 1298 1824 A.
1319 1767 1442 1824 Puteal,
1467 1768 1538 1830 quod

205 1838 438 1901 recepitnroske.
468 1839 588 1892 Pbabet
606 1852 645 1900 ee,
665 1845 697 1888 ut
715 1841 829 1890 correrii
846 1837 1000 1889 Rhenanus.
1026 1863 1053 1874 ·-
1081 1839 1109 1888 b.
1128 1836 1389 1899 comploratusl'd.
1420 1839 1453 1889 llt
1472 1854 1537 1898 oce,

205 1923 257 1974 mg.
277 1909 302 1959 Γ
319 1915 346 1962 et
363 1909 534 1960 Puteolanus.
564 1933 595 1947 -
627 1912 669 1961 iti.
687 1911 776 1972 potius
793 1923 873 1972 quam
890 1907 1076 1970 temporalibus
1093 1907 1216 1965 tironia.
1247 1921 1299 1971 sua
1322 1912 1349 1959 lo
1378 1910 1439 1962 isct.
1459 1924 1540 1974 quam

205 1981 319 2033 debatur
342 1980 511 2044 lllpontlnls:
539 1981 629 2041 potius
652 1979 837 2042 temporalibus
854 1978 928 2029 rA:
958 1986 982 2029 et
999 1979 1192 2029 immortalibus
1210 1979 1242 2028 ii.
1269 1977 1305 2041 (et
1323 1992 1382 2030 cum
1402 1982 1537 2039 deidall03

204 2049 396 2102 immortalibus
415 2064 475 2102 cum
494 2051 587 2103 eodeni
606 2057 633 2102 at
650 2047 764 2112 Lipsio.)

111 2149 115 2156 ⁴
205 2168 584 2233 loquorumtcciemlssraa
604 2166 854 2234 mopaaepuesede·
891 2171 946 2216 alea
972 2165 998 2214 ln
1023 2165 1122 2215 inimici
1142 2166 1249 2216 domum
1274 2168 1395 2217 saeslret.
1416 2189 1447 2204 -
1467 2179 1540 2218 esre·

205 2248 251 2299 bct
269 2247 361 2299 Pallor
377 2249 520 2299 amicitiae.
542 2272 572 2283 -
592 2245 688 2312 rubor]
711 2244 853 2297 Suetonius
889 2242 1025 2309 pissemus]
1045 2245 1142 2298 «Plena
1158 2246 1329 2297 Homericum
1349 2253 1395 2297 est.
1417 2247 1455 2297 lia
1469 2250 1539 2297 enlm

169 2367 174 2380 .
206 2339 318 2392 quoque
344 2326 443 2377 1i.is.
472 2340 532 2377 enm
557 2327 633 2377 uultu
657 2326 854 2390 ruborispleno
891 2324 1076 2376 andromache
1095 2326 1185 2388 lugens
1208 2327 1347 2377 lieciorem
1366 2326 1397 2379 lt.
1417 2344 1449 2384 ω,
1468 2327 1537 2375 iti:

205 2407 288 2460 luisse
307 2407 396 2458 tradit.
414 2404 484 2458 nitu.
498 2406 564 2455 Pan·
583 2406 636 2456 ts:
656 2405 780 2469 femineus
795 2404 854 2468 pal·
891 2398 967 2455 odos
985 2406 1012 2454 rt
1034 2421 1086 2470 μοι
1104 2402 1181 2469 εἶπες
1205 2404 1329 2457 πυκινὸν
1353 2399 1434 2470 iace,
1453 2398 1489 2457 οὗ
1510 2407 1540 2456 σέ

205 2489 247 2538 lor
265 2488 294 2540 irs
312 2498 438 2549 corpore,
464 2485 494 2536 in
522 2498 568 2536 ore
585 2486 747 2551 impudentia
773 2485 854 2535 mutio
892 2498 942 2534 κεν
960 2484 1017 2535 alei
1036 2481 1201 2556 Μεμνῄμην
1226 2481 1332 2547 νύκτας
1350 2499 1379 2535 re
1398 2486 1446 2534 καὶ
1464 2477 1539 2550 ripu-

204 2566 300 2619 rubore
317 2566 428 2632 suffusa.
456 2566 525 2628 Apte
543 2566 619 2617 alleri
639 2566 776 2618 Walobins
795 2565 854 2615 Pbi·
893 2579 928 2614 ru
952 2561 1193 2634 δακρυχέουσα.»
1218 2563 1293 2613 Lars.
1331 2563 1415 2615 Nemo
1439 2571 1537 2616 temen,

206 2649 277 2702 lustr.
303 2646 336 2699 V.
360 2645 447 2709 spon.
472 2645 499 2706 7,
526 2646 569 2697 28.
598 2660 625 2709 p.
651 2647 711 2697 111.
737 2648 852 2712 Kayser:
891 2656 986 2705 spero,
1006 2643 1039 2692 de
1053 2644 1199 2694 imitatione
1214 2643 1357 2707 rogitabii;
1378 2646 1455 2693 nimis
1468 2646 1537 2694 enlm

204 2726 250 2779 del
273 2724 305 2779 ti
327 2727 377 2778 eccl
401 2722 476 2796 πρὸς
499 2724 534 2777 τὸ
557 2724 679 2793 oesypa
701 2725 753 2777 rori
771 2725 854 2788 βασι·
892 2722 1023 2773 naturales
1048 2721 1074 2771 bi
1099 2729 1160 2771 suni
1185 2736 1278 2773 sensus
1303 2727 1328 2772 in
1349 2729 1461 2783 utraque
1481 2736 1539 2783 per·

204 2805 276 2870 λέως
288 2802 526 2878 παρεσκευάσθαι
539 2820 573 2855 σο
587 2806 636 2856 καὶ
650 2803 722 2878 πρὸς
740 2801 773 2855 τὸ
788 2803 855 2857 daia·
891 2814 965 2851 sona.
987 2825 1017 2836 -
1037 2806 1092 2851 tam
1110 2800 1203 2868 lampae
1221 2797 1369 2865 absentiae]
1394 2801 1442 2852 libi
1464 2802 1539 2851 Taci-

206 2899 315 2958 rporsov
341 2881 396 2935 soii
422 2881 597 2954 προσώπου·
623 2883 784 2951 φθέγγεται
800 2884 855 2951 μὲν
892 2888 937 2931 tus
970 2893 1028 2931 enm
1060 2894 1139 2932 asora
1173 2894 1219 2943 per
1248 2882 1452 2946 quadriennium
1488 2882 1539 2932 lto-

205 2962 262 3038 γὰρ
278 2959 377 3035 βαρύ,
400 2956 456 3013 κᾶν
474 2958 573 3034 πρᾴως
589 2962 775 3030 διαλέγηται,
795 2958 855 3030 ἡδ’
893 2975 934 3011 ma
957 2960 1089 3019 abluerit,
1119 2974 1210 3023 parum
1239 2968 1351 3012 constat.
1387 2962 1538 3025 opinantur

205 3039 456 3111 όφρὺςέαἱκειται
474 3040 513 3111 τῷ
532 3042 586 3093 rori
599 3036 759 3109 ὀφθαλμοῦ
778 3036 853 3108 ἤθει,
892 3041 1010 3094 nonnulli
1035 3055 1095 3091 cum
1121 3050 1183 3091 torre
1208 3042 1353 3092 obtinuisse
1377 3044 1538 3103 provinciam

203 3121 297 3189 pause>
323 3121 347 3173 δ’
374 3115 394 3189 ἦ
421 3117 527 3192 rapsaci
553 3119 659 3186 xciiii·
690 3122 770 3173 tovrl
798 3120 854 3192 γὰρ
892 3125 1105 3184 praetoriam-
1123 3121 1282 3183 condicione]
1301 3124 1475 3173 «necessitate
1493 3121 1541 3170 aii·

204 3198 334 3267 μάλιστα
351 3199 556 3266 ἐπιφαίνεο·
576 3199 693 3252 Tubero
711 3196 852 3264 selirJCir.
891 3214 943 3265 qua
972 3200 1012 3251 rel
1039 3213 1164 3254 mouere.
1197 3202 1267 3265 quod
1294 3202 1356 3251 mibi
1388 3204 1538 3264 impositum

206 3281 261 3332 Cle.
291 3282 324 3333 de
348 3280 394 3331 0r.
420 3280 446 3341 3,
472 3279 504 3330 ³:
531 3279 588 3345 Epo
606 3291 669 3329 uero
687 3287 728 3335 te,
752 3280 852 3341 Crasse,
892 3288 973 3332 ersi.»
991 3304 1017 3314 -
1033 3285 1095 3330 ante
1107 3277 1321 3344 quadriennium]
1343 3281 1451 3332 «Tacito
1465 3281 1537 3331 ride·

206 3362 353 3412 tumuitus
369 3359 451 3426 flore,
472 3364 526 3408 ium
543 3360 638 3409 mortis
656 3362 854 3424 opportunitate
891 3368 948 3418 tur,
981 3363 1104 3421 quoniam
1133 3366 1251 3423 tempore
1280 3364 1370 3410 mortis
1401 3362 1537 3422 Agricolae

205 3443 293 3492 diuino
311 3440 422 3491 consilio
439 3444 465 3491 et
482 3446 571 3488 ortum
588 3446 612 3489 ct
629 3441 785 3489 tritinsium
803 3452 855 3488 esse
892 3441 1067 3503 quadriennio
1094 3440 1234 3499 abluisset,
1266 3453 1354 3501 nepos
1382 3441 1454 3491 illum
1483 3447 1538 3490 toto

205 3521 332 3573 arbitror.
352 3532 453 3583 -pro
473 3519 546 3568 cirili
562 3515 694 3582 portione]
715 3519 758 3568 Sic
776 3523 852 3569 silem
891 3525 975 3581 spatio
995 3534 1110 3582 unquam
1130 3521 1246 3578 vidisset.
1271 3522 1380 3583 perinde
1399 3521 1449 3571 sibl
1468 3534 1537 3577 asse,

206 3600 373 3659 1111111111.
393 3600 485 3651 Cicero
497 3604 668 3661 usurpaipro
680 3598 754 3647 uirili
766 3605 850 3661 purte.
891 3613 920 3650 ec
945 3604 966 3649 sl
986 3599 1103 3663 Agrianis
1121 3609 1180 3652 anie
1203 3602 1406 3664 quadriennium
1426 3611 1537 3650 martem

206 3680 340 3746 (insum
364 3679 432 3730 banc
456 3678 598 3730 dictionem
625 3678 794 3730 lialnrlcblus
819 3680 852 3728 ad
891 3678 1024 3730 obisset.»
1053 3679 1189 3730 Proerna.
1228 3680 1311 3731 «Vter
1334 3682 1417 3729 labra
1441 3694 1537 3739 saror,

205 3759 260 3812 Cic.
281 3758 365 3810 Orati.
390 3765 476 3820 parles
503 3759 617 3810 ineditas
642 3755 679 3820 (ln
699 3773 723 3809 r.
745 3756 852 3822 Cicero).
891 3773 942 3809 non
961 3759 1081 3807 coroier
1098 3760 1208 3809 lairen.
1240 3760 1401 3822 ambiguitas
1422 3774 1538 3811 remore-

205 3852 274 3905 quae
294 3849 308 3887 a
327 3836 383 3888 solo
402 3837 494 3888 Tsclto
520 3845 645 3889 novatore
665 3842 766 3889 inrecta
786 3843 851 3887 stt.»
890 3849 934 3890 tur
953 3839 1121 3890 distinctione
1140 3847 1278 3899 accentus,
1305 3844 1349 3900 qni
1368 3844 1393 3889 in
1413 3838 1536 3890 adverbio

205 3920 256 3970 lin.
290 3917 386 3969 Verum
411 3928 471 3967 earn
502 3924 539 3968 toi
563 3920 689 3980 perierint
711 3921 852 3980 scriptores
891 3927 993 3981 acutus,
1012 3921 1038 3969 in
1058 3923 1252 3979 praepositione
1269 3923 1353 3983 grauis
1373 3928 1438 3969 ast.»
1460 3919 1535 3969 Hand

205 4003 273 4050 inter
300 3995 454 4050 Ciceronem
483 4002 510 4046 et
537 3996 671 4055 Tacitum.
702 3998 851 4047 huiusmodi
890 4000 967 4050 Turs·
988 3998 1009 4046 l.
1031 4010 1056 4059 p.
1080 3999 1305 4048 tib-amum
1324 3996 1360 4062 es]
1380 3999 1536 4064 sequendus

205 4077 303 4130 iudicia
322 4089 428 4141 semper
446 4078 619 4128 incertissima
639 4074 798 4140 remanent.)
821 4102 849 4113 -
890 4078 1029 4129 ridebatur
1042 4081 1157 4139 optimus
1170 4077 1233 4128 Cnd.
1248 4079 1284 4137 Γ,
1309 4082 1461 4140 praesertim
1475 4092 1535 4129 com

203 4160 381 4210 innocentiam
397 4158 513 4222 principi
530 4154 659 4222 donares]
684 4157 784 4208 sreloti
803 4158 852 4207 boc
891 4171 1017 4220 parronae
1036 4160 1145 4209 variatio
1168 4159 1210 4208 bic
1231 4162 1320 4209 nescio
1340 4160 1403 4219 auid
1422 4160 1535 4209 allerisii

204 4252 307 4302 egeres,
330 4244 360 4290 at
379 4245 506 4302 qnantum
527 4240 552 4287 in
572 4245 597 4288 te
617 4245 701 4299 esset,
727 4241 852 4287 innocen·
891 4237 1007 4287 baberet.
1029 4260 1060 4272 -
1078 4233 1250 4300 compositus]
1278 4238 1370 4288 Veram
1393 4239 1535 4290 banosus

205 4322 266 4370 tiam
292 4318 434 4370 llomlttsni
459 4320 620 4370 terrereris.»
663 4318 766 4368 Etenim
792 4330 851 4366 cum
890 4318 1046 4372 lectionem.
1077 4331 1127 4367 non
1154 4318 1347 4378 comploratus,
1375 4318 1536 4367 demonstrat

205 4397 315 4450 libenter
334 4402 400 4448 mori
413 4411 441 4449 se
456 4399 617 4456 ostenderet,
637 4398 782 4460 apparebat
795 4397 851 4446 nnl·
889 4412 977 4461 msrgo
996 4399 1034 4458 Γ,
1054 4400 1099 4460 oui
1119 4398 1187 4447 baud
1206 4410 1263 4447 raro
1278 4401 1392 4461 egregias
1412 4398 1535 4447 lectiones

204 4480 297 4529 temet
316 4479 369 4528 rim
388 4478 531 4529 adhibitam
556 4491 602 4541 per
619 4491 759 4528 venenum.
782 4477 849 4525 dart.
890 4479 1007 4541 praebet,
1027 4479 1186 4541 desumptas.
1206 4485 1235 4526 ut
1251 4478 1379 4536 arbitror.
1400 4491 1428 4528 es
1443 4479 1533 4528 iterata

204 4557 401 4621 Sapientisslme
426 4561 461 4608 lta
484 4571 511 4609 ae
530 4560 639 4621 gessisse
657 4559 761 4608 ridetur
781 4559 854 4620 tigri·
889 4564 915 4609 et
940 4561 1103 4608 accuratiore
1128 4558 1260 4620 archetypi
1287 4557 1418 4614 lectione,
1450 4560 1536 4607 nontl-

205 4638 278 4698 cola‚·
292 4650 352 4687 nam
362 4644 544 4701 praeterquam
559 4638 631 4702 quod
646 4641 777 4699 propriam
790 4649 851 4687 con·
890 4652 968 4702 qnam
990 4654 1020 4690 ex
1040 4652 1110 4689 mera
1129 4642 1291 4690 coniectura.
1325 4638 1359 4687 iit
1377 4651 1401 4686 r.
1422 4638 1534 4699 complo-

203 4722 325 4769 stantiam
345 4729 374 4768 ac
392 4716 571 4768 tortitudinem
589 4720 680 4776 animi,
702 4719 792 4766 Stoico
811 4718 850 4766 di·
887 4724 963 4769 ratus
981 4724 1029 4769 etsi
1053 4719 1086 4769 de
1110 4719 1179 4768 luctu
1206 4720 1309 4781 optimis
1330 4717 1533 4769 auctoritatibus

204 4811 298 4862 snam,
325 4810 355 4850 aa
377 4798 457 4854 animi
478 4800 607 4847 sententia
633 4802 659 4847 et
679 4797 799 4847 servabat
824 4804 850 4847 et
888 4801 1023 4852 tirmstur,
1051 4804 1136 4848 mmeo
1162 4811 1220 4847 cum
1245 4812 1268 4847 r.
1295 4797 1399 4862 fletibus
1426 4801 1534 4847 contun-

204 4876 406 4930 ostendebatis
425 4882 539 4929 extreme
559 4876 609 4927 lrae
627 4878 796 4933 necessitate.
816 4879 849 4927 si·
887 4886 957 4927 ctum
976 4881 1062 4927 minus
1080 4885 1169 4939 epium
1188 4878 1299 4926 ridetur.

205 4959 259 5011 mul
286 4956 410 5015 carebat,
442 4969 476 5008 na
504 4956 568 5010 torte
593 4959 745 5019 suspicione
773 4970 849 5008 tenc·
920 4957 963 5006 lb.
982 4958 1070 5021 potius
1092 4968 1170 5017 quem
1189 4951 1392 5018 temporalibus]
1420 4955 1449 5005 ln
1469 4957 1495 5006 b.
1515 4957 1531 5003 1.

205 5039 257 5091 dcii
277 5039 453 5092 demonstrata
471 5044 637 5101 exasperetur
660 5044 784 5102 tyrannus
803 5050 849 5101 pc·
886 5041 1007 5088 lotrtasto
1021 5043 1046 5087 ei
1060 5035 1258 5088 incredibilibus
1273 5035 1431 5085 coniecturis
1450 5034 1534 5087 acri·
