3725 5892
742 463 948 531 EXCURSUS
969 464 995 529 1.
1019 465 1060 530 ΙΙ.
1505 469 1566 533 525

235 635 307 686 toste
333 627 391 684 teter
415 624 565 684 renonnle
591 630 617 681 et
636 629 708 680 tonte
726 623 930 693 terrionem,
962 622 1108 682 Marcellus
1126 609 1229 695 Ilprtse
1248 630 1274 680 et
1294 622 1402 696 trena
1424 623 1517 684 tetrae
1534 643 1569 683 ne

233 721 296 770 eant
320 730 373 785 por
396 712 551 779 tonet-[ait
574 711 607 766 rte
631 711 735 782 praede
763 717 906 779 aroteras,
935 717 961 765 et
985 711 1011 765 ri
1036 711 1115 781 apris
1140 717 1225 767 tester
1249 727 1292 767 eer
1317 713 1483 767 concretione
1499 728 1568 768 noes

235 801 328 857 vonln
354 813 421 854 noue
448 798 605 853 retronelur
629 798 748 852 <terrim
773 796 812 851 ter
836 798 946 852 aneiens
965 802 1108 864 semare,
1137 797 1256 853 ‹terriire
1275 797 1314 852 ter
1331 799 1440 853 anetem
1458 804 1565 869 poetes,

235 887 295 944 e‘est
318 886 462 957 insterneret
490 883 518 939 let
544 899 594 955 pne
618 889 696 938 notre
720 882 826 937 ltornrne
849 898 917 938 noae
943 885 1041 938 arrlte.
1083 879 1127 938 Οὐ
1145 884 1205 954 finit
1224 883 1293 940 done
1319 882 1491 954 t’arttr'preitt?
1523 885 1569 940 de·

234 970 402 1027 nanae-eit.
444 965 488 1026 Ota
512 974 691 1024 eonneneent
718 967 787 1022 dene
812 967 850 1023 ter
876 974 961 1038 tenpr
985 968 1147 1024 moderere?
1181 965 1257 1025 Noae
1283 976 1420 1040 eonptonr
1448 970 1466 1025 i
1491 971 1570 1041 peine

235 1062 331 1128 quatre
348 1055 439 1111 elicies
458 1054 552 1125 deputo
572 1070 622 1124 pne
640 1052 828 1109 Dletorttlner
846 1059 885 1108 ert
902 1053 995 1108 'enertt
1014 1059 1063 1108 ete.

310 1141 361 1206 Et,
387 1142 428 1213 ly
446 1157 545 1211 pente,
575 1140 673 1211 itpa
697 1140 742 1194 dee
767 1153 832 1211 pens
857 1139 906 1209 qni
926 1137 1083 1210 pre'tendent
1108 1154 1159 1209 que
1185 1156 1214 1196 ee
1238 1139 1304 1196 n'eet
1326 1156 1377 1211 pas
1405 1139 1496 1197 Tacite
1521 1141 1571 1213 qui

236 1244 254 1282 a
273 1226 338 1283 terit
357 1242 385 1282 ee
403 1225 530 1297 dialoprte
548 1225 604 1281 dee
624 1224 812 1279 oratearst

309 1308 423 1383 Operae
447 1312 569 1383 pretium
596 1309 710 1366 videtur
735 1325 792 1365 uno
812 1307 907 1364 adhue
933 1307 1042 1366 leniuit
1062 1310 1125 1365 loeo
1150 1309 1362 1373 demonstrare.
1390 1312 1569 1383 quantopere

236 1412 444 1470 saepenumero
471 1396 637 1469 discrepent
660 1394 844 1466 antiquorum
871 1396 901 1448 et
928 1395 1121 1451 recentiorum
1146 1396 1182 1451 de
1209 1395 1312 1452 iisdem
1337 1396 1424 1452 rebus
1449 1396 1566 1452 indieie.

238 1483 309 1541 Cum
333 1483 410 1539 enirn
438 1482 553 1539 Tacitus
582 1480 669 1555 (Anu.
698 1479 749 1549 15,
775 1476 836 1551 l-l.)
867 1481 1013 1552 tamquam
1041 1484 1070 1537 et
1095 1480 1239 1537 Romanus
1267 1485 1297 1538 et
1325 1480 1513 1552 philosophus
1539 1481 1570 1536 in

237 1566 463 1624 Christianorum
497 1566 650 1638 discipline
689 1566 760 1622 nihil
797 1564 876 1622 aliud
907 1566 1024 1622 omnino
1057 1566 1157 1623 videre
1187 1569 1285 1638 posset
1317 1566 1371 1622 nisi
1401 1567 1571 1623 nutatim

129 1657 132 1661 ’
235 1654 470 1724 superstitionem,
499 1652 539 1709 ita
564 1654 717 1725 propterea
736 1651 907 1723 eloquenter
932 1667 998 1707 enm
1023 1652 1167 1723 vituperet
1196 1649 1319 1708 Critieus
1346 1653 1569 1724 Froneogetlue:

309 1737 335 1795 lt
353 1746 391 1795 eet
409 1737 581 1809 inprrettte,
615 1751 790 1806 saort-uerte,
823 1736 932 1792 rt'aootr
958 1738 1047 1792 moine
1072 1736 1266 1808 rt'intetltpenee
1283 1744 1309 1792 et
1334 1740 1422 1793 moins
1440 1739 1473 1794 rte
1503 1738 1571 1810 pent

236 1825 306 1880 elane
324 1840 353 1881 ee
369 1840 485 1895 panope
503 1823 536 1878 rte
559 1839 599 1879 eet
625 1822 748 1878 anemo.
790 1819 873 1877 Teate
898 1837 951 1877 nne
967 1821 1137 1885 rinolation,
1168 1828 1194 1877 et
1212 1822 1241 1877 ta
1259 1822 1321 1894 pler
1339 1825 1443 1893 prande
1461 1825 1510 1895 peti
1529 1825 1571 1879 ott

236 1909 338 1981 donat
367 1910 403 1966 ter
430 1908 558 1964 destinles
585 1908 619 1963 de
646 1905 820 1970 t'trernanitl,
853 1905 1079 1978 r'aeeornptiesait
1105 1913 1237 1977 pourtont
1267 1908 1337 1964 dane
1363 1925 1405 1965 ees
1428 1916 1571 1968 nectentes

235 1995 407 2059 rotarentur,
435 1994 501 2050 tto
520 1995 598 2050 tuerer
615 1993 648 2048 rte
666 2008 707 2048 eet
726 1991 884 2063 ttanbearee
903 1992 1032 2047 ltnrnoinr
1050 1991 1116 2046 tone
1135 1992 1159 2047 le
1177 1994 1251 2063 restet
1268 2008 1298 2048 re
1315 1993 1406 2049 &uait
1423 1994 1572 2068 protonper

236 2082 261 2135 ri
289 2079 347 2135 lotn
374 2081 443 2135 (tans
471 2079 597 2135 l'aoenir.
652 2078 761 2142 Tarne,
791 2084 856 2133 cette
882 2080 955 2147 sote.
988 2077 1035 2132 n'a
1062 2078 1124 2132 rien
1150 2093 1206 2142 net
1239 2078 1262 2133 il
1289 2077 1336 2133 n'a
1353 2081 1415 2135 rien
1441 2083 1569 2151 eornprie.

235 2164 319 2222 L'ses
339 2165 444 2236 triplex
462 2165 495 2220 ‹te
514 2164 648 2237 t‘lpoinne
666 2165 776 2220 romain
795 2180 813 2219 a
833 2163 933 2220 tonent
950 2179 991 2220 ret
1003 2161 1111 2218 oretttee
1130 2168 1154 2217 et
1173 2179 1215 2217 ees
1232 2178 1319 2234 peren,
1341 2180 1442 2222 ronne
1459 2166 1482 2221 e't
1495 2168 1572 2222 aoait

236 2249 575 2319 lmnteontneetson
594 2265 684 2307 eoear.
726 2247 1025 2320 Tantpr'eportrleeit
1045 2246 1071 2302 lt
1090 2250 1232 2319 apertio,
1261 2250 1435 2321 eejorertrt,
1463 2252 1571 2324 lapte·

236 2337 401 2409 napniltpee
417 2352 487 2410 pape
505 2335 664 2407 tl'nirtoire,
683 2334 751 2407 qs’tt
767 2336 811 2403 [etl
829 2334 917 2391 dorent
935 2334 953 2390 ri
971 2350 1009 2390 ren
1027 2333 1133 2391 tamne
1151 2335 1184 2390 rte
1200 2336 1319 2406 poreeoir
1338 2336 1445 2393 tertre!

643 2728 847 2795 EXCURSUS
870 2728 910 2795 11.
936 2729 989 2793 An
1013 2727 1048 2793 C.
1071 2727 1162 2813 x1.*)

311 2918 345 2933 -
368 2890 463 2945 -ite
489 2889 646 2945 recitatione
675 2887 878 2960 trapoecliantn
904 2894 928 2943 et
953 2889 1061 2960 inpreti
1087 2892 1193 2959 {amam
1221 2892 1379 2963 arnpieatru
1398 2909 1476 2961 ean,
1511 2914 1572 2955 earn

237 2976 345 3046 quiden
364 2973 434 3046 ints
455 2971 588 3031 Neronem
607 2974 762 3045 improbam
789 2980 814 3029 et
839 2973 991 3029 stationem
1017 2989 1122 3045 psopter
1149 2992 1231 3033 roera
1253 2979 1447 3048 profanantem
1468 2979 1573 3040 Vatinii

235 3064 385 3133 potentiane
402 3062 483 3132 [rupi.

312 3149 342 3202 in
360 3140 508 3215 Neronem]
533 3142 580 3199 Sio
599 3141 695 3211 Libri,
724 3157 797 3199 enne
816 3147 966 3215 corrupte,
995 3128 1148 3200 undeinn
1168 3143 1243 3201 Edu.
1264 3149 1377 3206 veteres
1397 3152 1427 3207 in
1444 3149 1569 3220 Nerorte,

238 3230 315 3302 quod
333 3230 364 3286 in
383 3244 435 3286 sue
453 3228 570 3285 retinuit
588 3226 689 3284 Ritter.
729 3227 786 3283 Sed
813 3228 956 3301 quomodo
982 3227 1036 3285 hoe
1056 3229 1258 3300 explicandum
1284 3232 1341 3304 sit,
1375 3251 1458 3293 nemo
1478 3239 1573 3296 adhue

237 3314 276 3371 ita
297 3314 477 3385 enucleavit,
510 3316 540 3370 nt
566 3312 649 3370 nobis
667 3313 849 3370 entisteoeril.
889 3313 1004 3371 Etenim
1025 3317 1146 3386 tyranno
1163 3315 1230 3372 vivo
1249 3316 1295 3372 etti
1316 3321 1363 3375 vel
1381 3323 1494 3379 recitari
1514 3340 1572 3381 non

238 3405 350 3474 poteret
368 3401 464 3457 tabule
481 3399 636 3456 immanem
655 3399 717 3455 eins
736 3403 766 3455 et
784 3399 933 3456 saevitiam
953 3403 981 3456 et
995 3400 1141 3457 lasciviam
1153 3401 1315 3473 exagitans,
1336 3407 1421 3476 etque
1433 3408 1570 3480 adulatio,

238 3502 312 3559 quae
327 3502 383 3543 unu
397 3484 653 3557 proesentimortis
667 3484 793 3557 periculo
814 3485 950 3550 carebat,
972 3486 1001 3541 in
1014 3484 1175 3542 Maternum
1194 3501 1265 3544 sene
1285 3503 1343 3543 uon
1364 3493 1456 3562 endit3
1479 3510 1571 3567 neque

238 3587 305 3628 vero
332 3571 521 3641 intelligitur,
556 3584 612 3645 qne
641 3571 751 3626 ratione
776 3572 805 3626 et
830 3570 945 3641 quondo
973 3570 1010 3626 nb
1030 3585 1064 3626 eo
1091 3571 1179 3628 trente
1198 3572 1236 3628 sit
1253 3572 1360 3631 Vatinii
1376 3575 1411 3649 ··)
1431 3581 1569 3650 potentie.

237 3658 315 3715 Nihil
336 3658 412 3714 enim
432 3659 469 3714 de
488 3658 543 3713 troo
562 3671 663 3713 everso
683 3655 769 3712 tradit
786 3656 901 3712 Tacitus
920 3657 951 3711 in
972 3655 1071 3724 libris,
1102 3657 1150 3730 qui
1169 3662 1342 3729 supersunt,
1375 3663 1429 3717 etsi
1449 3664 1571 3724 Neronis

238 3758 285 3799 res
314 3743 432 3815 exponit
457 3757 547 3816 usqne
573 3742 609 3797 etl
636 3755 664 3798 e.
686 3757 714 3798 n.
736 3757 762 3797 o.
782 3739 849 3796 819.
882 3740 1123 3812 pertenent,
1154 3741 1264 3812 idest,
1299 3759 1388 3817 prope
1417 3763 1508 3822 usque
1533 3752 1571 3808 ad

238 3828 300 3885 etue
318 3829 525 3901 protectionem
544 3826 575 3883 in
596 3825 744 3883 Graeclam
765 3828 908 3882 narretetn
929 3842 946 3881 n
966 3826 1103 3882 Suetonio
1122 3826 1157 3883 N.
1180 3826 1225 3884 19.
1253 3832 1282 3885 et
1300 3830 1392 3893 Dione
1411 3831 1465 3900 63,
1486 3833 1533 3905 8.,
1553 3850 1572 3894 r

239 3929 358 3986 quornm
379 3918 479 3970 neutro
499 3913 575 3968 inter
593 3912 655 3969 eius
674 3913 792 3969 comites
812 3914 986 3967 memoretur
1004 3910 1155 3977 Vatinium
1182 3929 1248 3970 nom
1268 3930 1352 3988 quom
1372 3917 1426 3973 Dio
1445 3917 1501 3984 63,
1525 3920 1571 3977 15.

239 3999 376 4055 tumorem
394 4013 511 4055 scurrae
530 4012 630 4055 vocem
650 4003 739 4055 Μισῶ
758 4015 809 4064 σε,
831 3995 975 4072 Καῖσαρ,
1006 3992 1053 4053 rin
1073 3995 1271 4073 συγκλητικὸς
1291 3998 1337 4071 εἶ,
1357 4002 1460 4073 retent,
1486 4019 1520 4060 ee
1539 4006 1571 4062 in

238 4084 333 4153 Urbe,
354 4088 471 4140 senatus
490 4084 578 4152 sede,
600 4083 693 4156 potius
712 4082 824 4138 videtur
843 4080 998 4153 aliquando
1016 4080 1090 4137 iacta
1109 4097 1184 4137 esee.

313 4170 374 4226 lem
400 4168 475 4226 Nero
503 4168 589 4240 periit
614 4182 714 4224 mense
741 4166 824 4223 lunio
850 4166 979 4221 eiusdem
999 4180 1026 4221 a.
1048 4182 1076 4222 u.
1098 4183 1124 4223 o.
1144 4166 1209 4225 821.
1243 4173 1307 4240 post
1327 4169 1395 4229 Chr.
1417 4172 1485 4244 63,
1513 4191 1570 4248 quo

238 4254 357 4312 Romam
375 4255 479 4325 rediit,
500 4268 534 4309 eo
553 4254 649 4310 stetim
669 4268 695 4310 e.
718 4267 745 4308 u.
767 4269 793 4309 r.
813 4249 889 4306 822:
921 4250 958 4307 eb
977 4249 1091 4310 Othone
1110 4252 1241 4312 Vatiniue
1261 4256 1384 4313 retertur
1400 4259 1476 4316 inter
1495 4276 1571 4317 mor·

240 4344 312 4396 tuoe.
334 4338 420 4414 (filet.
441 4339 476 4411 1,
496 4337 556 4412 37.)

238 4492 457 4507 —ss

306 4603 328 4669 ·)
359 4605 409 4656 tlte
436 4605 564 4665 troprlrntt
591 4602 668 4656 oeteo
691 4601 753 4653 nultrt
782 4600 896 4654 teluteee
922 4601 1059 4653 Oetooiam
1081 4608 1268 4667 praetentam.
1308 4604 1425 4659 Curiatio
1447 4608 1571 4664 Materno

241 4675 404 4727 uindicatam
422 4688 440 4724 a
457 4675 599 4725 Franelteo
618 4675 728 4725 ltittero.
758 4670 868 4723 Bonnoe
885 4671 963 4724 1333.
1000 4673 1031 4724 ln
1050 4673 1124 4726 Leet.
1146 4674 1207 4728 Ver.
1227 4689 1323 4737 operte
1342 4691 1412 4729 meos
1429 4687 1571 4735 earreettn·

239 4759 286 4798 nee
314 4746 383 4798 hrot
407 4745 582 4808 tutelllpentee
610 4744 687 4796 toede
712 4755 756 4795 ete
780 4753 956 4806 corruperunt
984 4751 1065 4804 tuae.
1105 4758 1164 4795 euru
1190 4758 1217 4808 p.
1235 4748 1297 4797 tre.
1323 4748 1411 4800 (tenuo
1439 4753 1573 4812 lntpteerr

239 4820 290 4868 tom
309 4829 362 4868 non
380 4816 444 4867 nltrt
463 4817 563 4867 tteeret.
600 4815 728 4879 Quoelror
754 4814 790 4863 tn
807 4815 935 4866 emendo:
960 4813 987 4866 8.
1006 4811 1110 4865 Neroni
1128 4815 1148 4865 P
1172 4825 1199 4867 et
1219 4816 1277 4868 Vre
1298 4818 1383 4869 tete:
1410 4821 1514 4873 terrens
1531 4823 1569 4884 3,

239 4886 360 4937 lieronils
379 4884 525 4937 Gronortue
543 4885 621 4938 obet.
640 4885 672 4943 3.
685 4887 734 4945 4.,
752 4882 877 4936 iterantis
889 4888 995 4937 Ounno
1010 4894 1117 4938 ruetsre
1134 4885 1270 4946 woltun,
1289 4888 1432 4953 norton,
1451 4891 1570 4945 Neroneo

239 4958 368 5021 liupertto
385 4963 493 5009 ruetore
512 4957 596 5016 llere,
616 4955 691 5020 prob.
710 4955 744 5007 u.

310 5054 343 5119 ”l
361 5054 500 5118 etquenam
518 5055 583 5107 lnee
601 5057 743 5106 eerttntmr
756 5062 797 5106 est
809 5055 933 5107 Groeortt
950 5056 1119 5113 emendouot
1139 5067 1199 5107 noro
1212 5018 1354 5109 trecoren*
1365 5059 1443 5112 leetto
1454 5063 1572 5116 eattetntt
1588 5088 1590 5098 .

239 5150 251 5165 ·
268 5152 279 5167 ·
294 5127 435 5193 potentia,
454 5134 483 5178 nt
500 5129 551 5179 loru
570 5132 735 5190 nottelmus,
753 5127 846 5180 trullus
864 5129 972 5179 ommno
990 5139 1043 5179 non
1061 5133 1109 5179 eet.
