3725 5892
574 511 771 577 nunu-nr.
816 511 892 597 cap.
917 510 970 576 so.
993 510 1047 576 ro.
1071 509 1124 577 ιι.
1149 511 1200 577 ιι.
1487 512 1548 578 ιιι

209 665 361 751 (donativi
375 687 491 736 nomen
505 667 564 755 est)
575 668 790 756 flagitantium.
813 689 872 736 nec
884 671 1048 756 pecuniam
1059 678 1115 737 aut
1125 671 1316 737 trumentum
1325 669 1547 754 providerantr

209 791 241 847 et
270 780 427 849 festinatio
461 791 554 871 atque
587 782 718 849 aviditas
750 781 1013 870 praepediebant,
1051 785 1127 849 dum
1159 803 1241 869 quae
1272 782 1370 868 accipi
1401 789 1549 869 poterant

207 893 382 981 rapiuntur.
426 896 486 981 (51)
517 895 742 963 celeberrimos
769 903 912 962 auctores
936 896 1041 961 babeo
1061 902 1180 960 ιιιιιιι
1201 894 1375 961 victoribus
1398 893 1549 961 adversus

208 1005 256 1073 fas
278 1005 428 1094 nefasque
449 1008 691 1075 inreverentiam
712 1009 826 1086 fnisse,
862 1017 898 1075 ιι
917 1007 1081 1095 gregarius
1103 1028 1199 1097 eques
1221 1010 1359 1075 occisum
1381 1027 1455 1075 ιιι
1476 1027 1550 1095 pro·

207 1121 294 1186 xima
321 1121 387 1187 acie
415 1119 544 1187 fratrem
572 1121 734 1208 proferena
760 1124 932 1207 praemium
955 1143 975 1189 a
996 1121 1129 1189 ducibus
1157 1122 1294 1208 petierit.
1330 1140 1390 1187 nec
1410 1120 1472 1187 illis
1493 1129 1572 1186 ants

207 1236 367 1300 honorare
399 1254 468 1300 eam
500 1239 626 1301 eaedem
658 1235 707 1301 ius
737 1235 897 1305 bominum
925 1246 981 1302 aui
1007 1234 1116 1302 ulcisci
1137 1234 1219 1301 ratio
1243 1235 1317 1301 belli
1338 1231 1549 1319 permittebat.

208 1347 396 1412 distulerant
422 1356 579 1434 tamquam
612 1347 734 1415 maiora
761 1350 907 1414 meritum
935 1368 1028 1436 quam
1057 1368 1139 1434 qnae
1162 1346 1266 1415 statim
1288 1347 1548 1428 exsolverentnr3

207 1459 459 1547 necquidquam
480 1461 563 1527 ultra
583 1460 724 1527 traditur.
747 1467 886 1527 ceterum
910 1470 943 1528 et
962 1458 1121 1546 prioribus
1141 1462 1256 1528 cisium
1271 1458 1362 1527 bellis
1376 1482 1435 1545 par
1448 1459 1550 1527 scelus

208 1571 374 1638 inciderat.
411 1594 483 1641 nanr
511 1574 629 1659 praelio
658 1596 721 1660 quo
747 1577 830 1662 apud
858 1574 1032 1643 Ianiculum
1053 1577 1203 1641 adversus
1226 1573 1356 1642 Cinnam
1377 1584 1550 1661 pugnatum

209 1694 274 1760 est,
310 1686 518 1770 Pompeianus
549 1686 637 1753 miles
668 1687 797 1754 fratrem
830 1711 937 1765 suum,
976 1688 1049 1755 dein
1075 1687 1203 1773 cognito
1229 1686 1371 1755 facinore
1392 1708 1425 1754 se
1446 1690 1588 1775 ipsumtt

208 1795 385 1874 interfecit,
408 1807 444 1864 ut
465 1798 595 1865 Sisenna
617 1812 780 1869 memorat.
812 1810 899 1868 tanto
920 1802 1024 1868 acrior
1044 1804 1127 1888 apud
1149 1802 1301 1879 maiores,
1324 1801 1404 1868 siout
1425 1800 1549 1868 virtuti-

208 1912 273 1976 bus
294 1909 406 1995 gloria,
439 1909 483 1976 ita
505 1911 630 1997 flagitiis
651 1914 840 1999 paenitentia
861 1912 931 1980 fnit.
969 1913 1025 1980 sed
1046 1917 1124 1979 haec
1144 1917 1269 2001 aliaque
1292 1934 1332 1981 ex
1353 1924 1461 1981 ssssre
1482 1936 1549 1980 mea

209 2022 314 2089 morie
333 2024 443 2110 petita,
466 2027 610 2110 quotiens
630 2046 682 2091 res
704 2028 855 2112 locusque
876 2026 1020 2112 exempla
1040 2029 1119 2094 recti
1142 2035 1196 2093 aui
1208 2028 1319 2093 solatia
1334 2029 1408 2095 mali
1422 2036 1544 2112 poscet,

209 2137 297 2202 band
319 2134 452 2203 absurde
473 2135 729 2205 memorabimus.
774 2142 841 2218 (59)
862 2140 998 2205 Antonio
1020 2137 1213 2227 ducibusque
1234 2142 1372 2226 partium
1387 2139 1548 2226 praemitti

212 2252 336 2336 equites
357 2270 544 2337 omnemque
566 2248 723 2318 Umbriam
745 2249 901 2338 explorari
924 2254 1056 2337 placuit,
1083 2252 1110 2319 si
1133 2274 1195 2338 que
1216 2253 1373 2339 Apennini
1393 2255 1466 2339 iuga
1489 2252 1588 2320 cle-ss

211 2362 350 2451 mentius
370 2362 547 2441 adirentur;
582 2363 676 2431 acciri
705 2364 822 2451 aquilas
849 2362 999 2452 signaque
1021 2373 1055 2431 et
1076 2365 1228 2451 quidquid
1249 2370 1394 2432 Veronca
1416 2364 1549 2433 militnm

212 2473 319 2554 foret,
351 2480 531 2567 Padumque
553 2486 585 2543 et
606 2498 694 2547 mare
715 2477 939 2544 commeatibus
959 2477 1121 2564 compleri.
1160 2487 1248 2544 erant
1276 2479 1359 2545 inter
1379 2476 1475 2545 duces
1495 2477 1551 2566 qui

213 2599 377 2656 necterent
407 2611 528 2658 moras:
564 2593 680 2678 quippe
708 2593 823 2658 nimius
845 2592 907 2656 iam
929 2588 1102 2665 Antonius,
1137 2601 1169 2656 ιι
1188 2589 1325 2657 certiora
1345 2611 1385 2656 ex
1405 2590 1550 2659 bluciano

214 2707 432 2788 sperabantur.
454 2724 589 2793 namque
608 2701 769 2769 Mucianus
791 2711 854 2768 tam
874 2701 971 2769 celeri
993 2702 1124 2769 victorie
1144 2701 1276 2779 aurius,
1301 2710 1334 2767 et
1354 2702 1387 2768 ni
1404 2723 1551 2790 praesens

214 2815 296 2880 urbe
316 2814 483 2899 potiretur,
504 2824 664 2899 expertem
685 2834 719 2881 se
742 2814 817 2881 belli
838 2813 1022 2901 gloriaeque
1044 2823 1149 2891 ratus,
1173 2815 1213 2879 ad
1233 2813 1374 2881 Primum
1389 2824 1420 2881 ei
1434 2821 1589 2883 Varnnrsa

215 2925 321 2993 media
342 2927 551 3014 scriptitabat,
573 2925 749 2994 instandum
770 2930 890 3013 coeptis
911 2936 965 2993 ant
985 2947 1093 2993 rursus
1114 2926 1280 2993 cunctandi
1302 2927 1450 2995 utilitates
1470 2927 1552 2996 edis·

217 3061 340 3117 serens,
374 3050 467 3128 atque
495 3042 537 3107 ita
564 3042 756 3127 compositus
784 3050 819 3107 nt
848 3061 887 3105 ex
910 3049 1026 3107 eventu
1047 3061 1153 3106 rerum
1174 3043 1307 3108 adversa
1327 3040 1480 3110 abnueret
1500 3044 1552 3111 vel

287 3244 313 3293 1.
332 3243 379 3294 Vs.
399 3243 518 3293 deretini
534 3254 629 3293 nomeu
647 3248 684 3292 ert
702 3247 822 3306 suspecta
843 3248 917 3292 ιιιιι
935 3241 1076 3294 Castalioni
1095 3248 1122 3293 et
1140 3242 1271 3295 Ernestio.
1303 3244 1339 3295 Ut
1361 3257 1408 3309 ego
1427 3246 1551 3306 arbitror,

217 3315 325 3364 Tacitus
345 3327 440 3364 nomen
460 3314 570 3365 militare
589 3320 669 3376 atque
689 3313 804 3369 bumtle.
826 3328 877 3377 quo
896 3320 981 3364 ιιιιιι
1001 3317 1149 3365 neeesssrio
1168 3317 1207 3363 nii
1222 3315 1355 3375 debebat,
1375 3329 1408 3368 ne
1422 3329 1480 3368 cum
1494 3319 1551 3368 eitla

218 3385 352 3435 donativis
378 3384 520 3436 mutoribus
548 3397 562 3435 a
589 3386 663 3434 noris
691 3385 893 3445 imperatoribus
919 3388 1045 3449 assianri
1070 3386 1153 3436 solitis
1179 3384 1402 3447 confunderetur,
1432 3389 1552 3440 consulto

218 3462 365 3507 accuratius
385 3457 531 3518 explicavit.
553 3478 583 3491 -
610 3455 638 3503 9.
655 3468 729 3516 pesp.
750 3456 787 3503 bt.
810 3478 838 3494 -
868 3453 895 3505 1.
915 3454 968 3506 ιιι.
988 3453 1034 3505 lt:
1063 3457 1112 3505 ier.
1133 3455 1166 3504 Β.
1187 3482 1215 3493 -
1247 3458 1385 3522 preporsbs
1404 3457 1454 3507 litt.
1475 3472 1491 3509 o
1510 3471 1554 3510 su·

219 3539 317 3588 persor.
336 3540 353 3576 o
370 3525 407 3577 il.
430 3549 459 3562 -
478 3527 505 3579 7.
525 3538 604 3590 quom
622 3522 699 3590 quoe]
717 3520 847 3588 quunqnii
864 3525 903 3575 11.
927 3548 955 3559 -
976 3525 1062 3575 ιιιιι.
1081 3527 1119 3576 11.
1142 3549 1169 3561 -
1202 3526 1229 3577 8.
1248 3527 1394 3590 quidquam
1410 3528 1458 3580 bis
1483 3531 1555 3593 esic·

219 3609 299 3659 quem
317 3597 347 3647 li.
367 3620 401 3632 -
419 3595 447 3647 9.
465 3601 531 3660 opst
549 3596 586 3648 Ι.
605 3621 640 3631 -
657 3598 701 3647 11.
719 3591 826 3646 insessi
843 3596 881 3647 11.
903 3620 931 3634 -
953 3600 1019 3660 opat
1034 3594 1073 3647 Ι.
1093 3621 1127 3634 -
1143 3596 1186 3646 19.
1206 3600 1288 3648 osten
1305 3597 1352 3649 bl:
1371 3599 1454 3648 ueteri
1469 3597 1502 3651 11.
1522 3621 1553 3637 -

219 3667 263 3717 11.
280 3668 380 3719 soioelu
392 3667 430 3718 Ι.
446 3690 476 3705 -
496 3669 538 3719 15.
557 3668 649 3719 lltrnm
662 3666 796 3718 umbriam
811 3680 844 3717 ιι
862 3665 998 3718 mardrinos
1016 3666 1112 3718 babeat
1124 3680 1163 3729 pr.
1177 3666 1224 3728 11,
1244 3667 1369 3732 dtatlnqut
1388 3680 1441 3720 non
1456 3675 1553 3730 potest,

218 3743 423 3800 superscriptum
444 3741 537 3801 utique
556 3744 596 3790 ιιι
612 3753 640 3787 ιι.
661 3763 691 3775 -
715 3739 859 3799 appennini
877 3733 954 3800 (rie).
975 3750 1028 3788 non
1047 3738 1173 3800 apperiat
1188 3736 1226 3788 il.
1245 3738 1340 3789 -1n
1359 3737 1488 3802 quidquid
1505 3740 1552 3791 ir:

220 3811 343 3874 quiequid
361 3810 393 3861 u.
413 3834 444 3847 -
464 3809 507 3861 19.
525 3823 631 3874 seoque
647 3808 685 3860 11.
706 3833 735 3846 -
753 3820 824 3870 pres.
842 3806 880 3860 11
900 3831 932 3844 -
952 3808 996 3860 91.
1014 3810 1112 3871 caspiis
1129 3808 1168 3860 bl·
1188 3831 1220 3844 -
1239 3808 1283 3859 99.
1301 3822 1334 3860 sar
1348 3817 1428 3860 uentu
1445 3809 1484 3861 11.

220 3972 291 4026 briae
309 3975 454 4036 oppidum,
473 3972 534 4025 alibi
555 3973 659 4024 Fossam
675 3972 828 4035 simpliciter
839 3977 866 4022 st
903 3971 939 4020 li.
961 3983 986 4032 p.
1005 3970 1047 4020 2³.
1069 3969 1153 4020 scum
1172 3972 1263 4022 Tacito
1281 3978 1327 4023 ant
1340 3970 1451 4024 Slsruna
1465 3975 1554 4035 potins

222 4054 330 4105 Ceionio
347 4055 418 4104 intio
436 4053 588 4113 fenestris,
607 4054 686 4103 bodie
704 4052 779 4103 Fano
797 4054 866 4102 iuter
904 4055 1036 4102 consentit
1053 4050 1143 4101 Liuius
1163 4051 1234 4113 lipit.
1254 4051 1298 4102 79.
1318 4056 1345 4103 ιι
1363 4053 1473 4104 aiterum
1488 4054 1555 4104 mili·

221 4135 366 4185 Ariminum
381 4141 407 4184 ιι
419 4136 562 4184 Anconam.
575 4155 605 4171 -
619 4129 777 4195 clocarium]
790 4132 865 4196 qnasi
904 4139 957 4181 tem
977 4134 1003 4182 ln
1022 4132 1139 4192 Pompeii
1161 4135 1276 4184 exercitu
1301 4137 1411 4193 statuit,
1439 4134 1554 4186 silerum

222 4228 274 4277 quo
293 4215 357 4265 ciart
371 4214 511 4276 caligarum
533 4214 610 4265 roieis
629 4213 767 4277 subigendi
796 4224 866 4263 eme·
905 4212 1014 4263 Cinnae.
1033 4211 1067 4262 At
1087 4211 1204 4262 Vslerius
1228 4213 1261 4269 5.
1280 4213 1316 4270 5,
1341 4212 1370 4266 i.
1397 4225 1444 4274 pro
1472 4213 1554 4264 Cinna

221 4303 320 4353 rantur,
339 4293 572 4360 Stieleinoqctqeld.
594 4292 685 4343 Simile
708 4292 867 4341 censorium
905 4291 1051 4344 Sertorium
1069 4292 1222 4351 substituit,
1248 4304 1308 4343 enm
1329 4305 1382 4355 qno
1400 4299 1427 4343 ιι
1444 4291 1555 4345 orsum

221 4374 293 4428 Suet.
318 4375 398 4437 vesp.
422 4374 448 4424 a.
474 4374 588 4425 ilriitare
615 4372 664 4422 bne
692 4372 865 4429 vocabulum,
905 4373 986 4423 sentit
1002 4372 1029 4431 5,
1050 4373 1110 4424 lim
1134 4372 1209 4423 ers.

222 4458 294 4507 cuiue
322 4456 475 4520 significatio
494 4455 633 4517 plerosque
653 4451 768 4512 latebat,
803 4464 866 4503 sane

222 4536 393 4598 srpliestione
431 4534 542 4600 egebat,
583 4545 661 4594 quam
693 4532 772 4583 nolim
808 4544 866 4582 rum
940 4532 984 4584 52.
1004 4527 1553 4593 clssneutius1minusardus,nblquidam

222 4616 368 4669 Castalione
401 4621 482 4679 atque
513 4614 635 4666 Ernestlo
671 4626 718 4677 pro
756 4615 867 4663 instricta
906 4612 981 4663 eolles
998 4610 1133 4661 elementer
1150 4615 1326 4672 assumentes,
1346 4616 1376 4660 ut
1393 4608 1501 4661 Tacitus
1518 4611 1556 4662 lo·

222 4698 327 4750 babere.
730 4690 731 4695 ’
907 4695 998 4755 quitur
1021 4690 1090 4740 ιιι.
1119 4688 1169 4748 li,
1195 4686 1238 4739 ³8.
1266 4688 1371 4739 busur.
1401 4687 1491 4741 Germ.
1520 4693 1554 4741 le

257 4779 300 4829 51.
321 4780 442 4826 uoueret
466 4772 566 4838 iubeo]
592 4773 635 4826 sie
663 4774 718 4826 ιιι.
745 4774 783 4831 9,
813 4772 866 4823 id:
905 4771 980 4820 motis·
997 4775 1022 4820 et
1039 4767 1430 4833 aremarensem-sepo.-
1444 4766 1553 4833 eisrtss]

223 4856 305 4907 iuteo
335 4862 471 4915 auctores,
500 4853 632 4904 iiomoaor
655 4854 745 4904 solitos
765 4860 815 4904 ιιι.
834 4875 864 4889 -
908 4852 986 4901 nimis
1006 4855 1099 4910 potens
1118 4859 1149 4897 sc
1166 4845 1304 4908 superbus.
1321 4870 1349 4882 -
1369 4860 1403 4898 se
1419 4846 1555 4913 nemaeo]

223 4932 340 4998 smenon]
361 4934 391 4986 1.
411 4933 549 4985 Cornelius
569 4931 827 4996 Sisenns(mortons
844 4943 868 4982 a·
907 4943 982 4993 rpem
1013 4931 1137 4980 maiorem
1167 4929 1343 4988 praemiorum
1369 4926 1502 4980 habebant
1529 4933 1556 4982 iu

224 5030 251 5067 u.
263 5014 338 5078 181.)
357 5014 477 5066 laudatus
498 5017 610 5075 ιιιιιιιι
623 5013 801 5073 historiarum,
823 5013 869 5073 qui
908 5010 1051 5065 biucirno,
1086 5009 1190 5058 mrioris
1219 5009 1341 5067 virtutis,
1370 5006 1503 5072 dignitatis
1530 5016 1558 5062 ιι

226 5095 318 5147 istim
336 5096 409 5146 etoile
432 5095 570 5145 διιιιιιιιιι
596 5099 789 5154 composuerat.
815 5091 869 5142 Sal.
909 5093 1006 5155 gratiae
1024 5087 1096 5152 apud
1123 5087 1313 5149 vespsstaouer
1338 5088 1403 5138 slro.
1432 5088 1504 5143 liare.
1526 5112 1555 5125 -

224 5175 282 5242 inq.
311 5174 369 5228 itio.
398 5174 491 5227 Veiiei.
509 5175 542 5231 1,
570 5173 596 5225 9.
628 5172 699 5223 nam
721 5173 797 5223 illim.
816 5171 870 5222 bit.
907 5166 1011 5235 medie]
1032 5168 1178 5231 osmbirua,
1198 5164 1342 5219 nitriicartl
1361 5169 1388 5221 iu
1406 5167 1557 5224 alterutram
