3725 5892
568 495 686 560 amsa
706 492 733 558 1.
778 493 853 577 capr
875 490 927 557 rs.
952 490 1005 557 so.
1029 492 1082 557 si.
1441 498 1483 564 eo

151 663 228 732 tum,
262 658 307 721 ii.
330 654 472 740 Aponius
493 652 643 721 Moesiam
665 651 809 720 obtinens
830 650 1008 740 triumphali
1030 658 1146 731 suma,
1183 652 1310 723 Fulvius
1336 654 1481 724 Aurelius

149 777 179 834 et
200 768 341 836 lolianus
362 767 461 834 Titius
482 789 518 832 ac
539 765 697 833 Numisius
719 770 825 852 Lupus
852 763 947 851 legati
967 765 1127 851 legionum
1151 767 1367 835 consularibus
1389 791 1483 837 orna-

147 880 261 948 mentis
289 883 459 956 donantur,
493 880 576 947 laeto
606 877 732 945 Othone
759 888 790 945 et
817 878 950 964 gloriam
977 883 1010 945 in
1031 900 1067 945 se
1088 882 1248 957 trahente,
1271 890 1429 969 tamquam
1451 889 1483 950 et

145 997 214 1081 ipse
233 994 314 1062 iclix
334 994 435 1073 bello,
460 1001 492 1060 et
510 995 576 1061 suis
589 975 722 1062 ducibus
736 992 864 1079 suisque
879 991 1070 1060 exercitibus
1082 1015 1151 1060 ram
1164 992 1320 1081 publicam
1334 997 1481 1064 auxisset.

229 1107 293 1194 (8⁰)
316 1113 417 1176 Perre
437 1108 562 1175 interim
583 1106 689 1183 initio,
721 1109 805 1174 unde
826 1106 905 1173 nihii
928 1105 1110 1184 timebatur,
1144 1115 1213 1174 orta
1239 1105 1351 1175 seditio
1378 1129 1504 1197 propes

144 1222 217 1292 nrbi
246 1222 371 1290 excidio
399 1220 468 1288 tuit.
507 1229 681 1309 septumum
714 1222 876 1288 decumam
905 1218 1066 1287 cohortem
1088 1241 1106 1285 c
1132 1220 1257 1287 colonia
1284 1222 1419 1289 moeno
1448 1225 1482 1291 in

144 1341 260 1406 ubam
281 1336 377 1404 auriti
399 1334 482 1402 Otho
503 1337 635 1402 iusserat
642 1358 651 1415 ;
685 1336 854 1401 armandae
881 1335 949 1399 eius
972 1353 1048 1401 cura
1068 1335 1165 1404 Vario
1187 1334 1330 1419 Crispino
1352 1334 1481 1403 tribuno

146 1475 164 1518 e
183 1450 395 1540 praetorianis
415 1453 497 1517 data.
529 1452 556 1516 is
578 1470 641 1536 quo
664 1451 763 1533 magis
783 1467 901 1514 vacuus
923 1447 1037 1532 qnietis
1057 1447 1165 1514 castris
1186 1447 1271 1514 iussa
1292 1467 1483 1535 exsequere·

146 1575 215 1642 tur,
251 1563 396 1630 vehicula
423 1565 563 1630 cohortis
591 1561 759 1649 incipiente
786 1567 878 1626 nocte
906 1559 1049 1642 onerari,
1083 1568 1192 1648 aperto
1220 1567 1479 1642 armamentario,

146 1678 247 1742 iubet
270 1684 396 1761 tempus
409 1675 442 1742 in
457 1673 685 1762 suspicionem,
709 1694 800 1740 causa
815 1675 847 1738 in
862 1675 997 1747 crimen.
1020 1672 1177 1741 affectatio
1192 1674 1308 1760 quietis
1320 1673 1354 1742 in
1368 1678 1522 1746 tumul-ae

147 1799 212 1856 tun
235 1788 371 1867 eraluit3
394 1796 426 1854 et
446 1790 511 1854 vise
534 1789 617 1854 inter
638 1786 825 1854 temulentos
846 1807 932 1851 arma
955 1785 1132 1873 cupidinem
1149 1789 1197 1853 sui
1212 1808 1352 1856 morere.
1375 1788 1483 1858 fremit

147 1901 254 1976 mdes,
288 1910 320 1967 et
347 1901 489 1967 tribunos
516 1902 778 1986 centurionesque
798 1899 987 1987 proditionis
1009 1899 1129 1985 arguit,
1163 1909 1323 1989 tamquam
1344 1902 1481 1970 familiae

147 2023 329 2080 senatorum
352 2017 391 2080 ad
411 2013 583 2101 perniciem
606 2015 737 2080 Othonis
757 2021 970 2089 armarentur,
993 2034 1067 2101 pare
1088 2016 1188 2100 ignari
1210 2022 1243 2082 et
1263 2019 1336 2083 rino
1359 2036 1481 2103 graves,

148 2129 304 2212 pessimm
325 2126 458 2213 quisque
478 2126 511 2191 in
533 2128 728 2192 occasionem
749 2129 956 2214 praedarum,
986 2125 1111 2213 volgus.
1139 2137 1175 2194 ut
1194 2149 1264 2195 mos
1285 2135 1349 2207 esi,
1380 2132 1485 2197 cuius·

148 2260 273 2327 meque
296 2247 398 2305 motas
419 2239 493 2305 nori
515 2242 675 2323 cupidum.
699 2250 732 2306 et
752 2239 904 2327 obsequia
925 2238 1093 2308 meliorum
1114 2262 1178 2308 nox
1201 2241 1380 2309 abstulerat.
1403 2244 1522 2311 resi-¹⁵

148 2362 281 2421 nentem
303 2350 449 2418 seditioni
471 2349 628 2419 tribunum
650 2360 683 2418 ei
703 2357 918 2421 severissimos
940 2355 1155 2421 centurionum
1176 2358 1373 2423 obtruncant
1395 2364 1486 2442 rapta

149 2487 253 2541 mma,
276 2464 385 2532 nudati
407 2464 512 2551 gladii.
534 2464 705 2533 insidentes
727 2469 815 2554 equis
829 2463 942 2533 urbem
955 2469 1290 2555 acPslatiumpeiuni„
1332 2467 1394 2555 (8¹)
1417 2477 1486 2537 erat

219 2695 246 2745 1.
265 2694 307 2745 Μ.
325 2694 372 2746 bis
392 2694 499 2746 uerene
516 2694 547 2745 it.
563 2718 594 2731 -
613 2695 640 2745 2.
659 2695 777 2746 milanos
793 2702 818 2748 ei
830 2696 904 2746 titius
917 2694 955 2746 Μ.
978 2693 1130 2749 Correctnm
1149 2698 1176 2747 in
1195 2695 1282 2752 Gueii.
1298 2724 1328 2738 -
1346 2697 1375 2751 4.
1388 2711 1484 2764 rennp.

151 2767 188 2817 ii.
206 2792 240 2804 -
258 2767 286 2817 5.
304 2779 391 2830 pereo
409 2768 515 2815 interim
533 2767 638 2816 interim
656 2767 734 2816 initio
751 2766 788 2819 Μ.
809 2792 840 2802 -
860 2768 942 2817 nenti
959 2767 997 2820 Μ.
1013 2792 1041 2805 -
1062 2767 1089 2819 8.
1110 2781 1182 2833 eosq.
1201 2768 1240 2820 Μ.
1263 2795 1292 2808 -
1311 2770 1339 2822 ii.
1359 2772 1486 2823 ουοτυτίσ

151 2837 188 2887 ii.
203 2862 236 2874 -
255 2838 299 2887 io.
320 2843 419 2899 tempus
436 2838 607 2899 inspicionesn
618 2835 657 2887 Μ.
673 2862 702 2873 -
724 2837 766 2888 is.
786 2844 810 2887 et
829 2836 949 2888 tribunae
967 2843 993 2888 et
1010 2839 1225 2904 eeniurionerque
1233 2839 1272 2893 Μ.
1288 2865 1317 2880 ··
1337 2840 1381 2893 ti.
1401 2844 1486 2894 cutur-

152 2903 233 2973 cipes
249 2907 288 2960 ai.
310 2930 339 2943 -
359 2906 404 2957 15.
423 2901 534 2970 cupidrir
551 2906 588 2959 Μ.
609 2929 640 2944 -
659 2907 703 2956 io.
723 2902 853 2958 seditioni
868 2907 908 2959 Μ.

153 3086 466 3155 -trtseepbottetotae1
482 3090 597 3142 laureata
611 3097 638 3142 ct
650 3103 717 3155 quae
730 3102 802 3141 mou·
837 3091 867 3140 e‘n
884 3091 1025 3142 tenentium
1042 3091 1150 3155 soctan]
1169 3091 1215 3143 Sic
1225 3090 1258 3142 i.
1275 3091 1318 3154 14,
1332 3092 1380 3145 ee:
1400 3094 1489 3147 neuun

154 3178 246 3223 sereret
263 3177 364 3221 reatem
385 3170 579 3232 triumpbaiem.
605 3169 680 3231 (Cum
706 3174 727 3220 is
746 3176 802 3220 tan-
838 3176 977 3228 τοουτυτο,
998 3185 1067 3237 pnes
1084 3173 1120 3223 od
1143 3171 1235 3224 beilum
1255 3185 1334 3238 usque
1363 3174 1489 3227 scobere·

154 3259 206 3302 tear
235 3251 399 3314 triumphare
431 3257 539 3312 ponet,
570 3252 645 3301 cutus
676 3251 802 3314 accepistis
837 3257 906 3301 rent.
925 3275 959 3286 -
978 3249 1066 3314 sumti
1082 3247 1166 3316 ander]
1185 3252 1296 3305 credens
1320 3252 1361 3304 rel
1385 3254 1488 3322 fingens

153 3335 235 3382 merus
253 3331 355 3388 beatis.
384 3333 502 3394 auspicia
531 3338 619 3384 autem
639 3338 726 3382 essent
744 3343 802 3392 per·
838 3342 909 3381 erma
927 3332 954 3380 io
972 3332 1053 3394 ipram
1071 3330 1164 3383 urbem
1190 3337 1309 3385 erectum
1335 3335 1367 3384 iri
1391 3335 1425 3386 ad
1448 3337 1489 3387 in·

155 3411 433 3473 peraerumnosis,
460 3410 571 3462 ducibus
598 3413 708 3474 insignia
727 3411 801 3462 dum·
838 3410 963 3461 struenda
994 3412 1025 3461 iis
1053 3416 1205 3463 senatorum
1235 3415 1376 3476 mancipia.
1397 3439 1432 3450 -
1458 3416 1490 3466 tn

155 3497 223 3542 tanat
240 3489 419 3553 triumphalia.
439 3492 513 3553 quasi
533 3489 648 3554 symbola
663 3489 800 3552 triumphi.
838 3491 999 3540 oecumenem
1025 3489 1205 3555 praedarum]
1239 3491 1312 3544 escit.
1349 3495 1487 3555 intentans

156 3567 549 3632 decemebantnr.ituene.)-
569 3570 688 3620 iubenes
707 3565 801 3632 Titine]
837 3569 884 3621 sed
903 3573 1042 3633 sequentia
1064 3583 1111 3632 per
1128 3571 1200 3623 eliud
1228 3571 1388 3624 adiectieum
1412 3574 1489 3627 eitter

156 3651 222 3701 ideas
240 3649 267 3708 2.
286 3649 336 3700 8⁵2
358 3648 460 3699 Tertius
477 3648 607 3710 iulienses,
628 3649 738 3701 iortasse
755 3662 802 3712 per
839 3648 1028 3701 conternata.»
1048 3650 1154 3702 Dones.
1176 3676 1203 3688 -
1224 3658 1305 3713 repta
1321 3649 1409 3716 ormo]
1432 3653 1486 3709 tila,

156 3743 279 3781 ermrem.
297 3750 331 3766 -
349 3728 432 3794 uperi
456 3728 597 3792 teutonum]
624 3732 717 3782 tertiae
742 3729 802 3781 Gai·
840 3728 938 3794 quibus
966 3730 1087 3782 rebieuie
1112 3730 1227 3782 cohortis
1248 3734 1350 3782 onerari
1377 3735 1489 3784 inererat

157 3811 228 3868 brec.
240 3811 370 3872 septimae
383 3807 519 3869 Claudiae,
534 3814 640 3861 uetares
657 3808 801 3873 Augustae.
839 3810 986 3873 Crispinus.
1000 3836 1026 3848 -
1039 3812 1212 3862 seuerissimus
1225 3808 1415 3875 centurionum]
1428 3811 1489 3863 Pin·

156 3910 187 3927 ·
207 3891 261 3939 aute
278 3888 387 3938 ducibau
405 3912 416 3924 ·
430 3913 441 3925 ·
459 3885 588 3951 cerurci]
608 3886 743 3941 Ablatirus
762 3893 803 3940 in·
839 3891 920 3941 iareb.
943 3890 959 3941 i.
980 3890 1015 3940 i:
1042 3886 1114 3954 τοὺς
1137 3888 1347 3956 ἐνισταμένους
1365 3889 1489 3944 ἑκατον-

157 3969 291 4020 etrenrenii
311 3968 428 4029 personis
447 3966 563 4024 additur.
584 3967 628 4019 ubi
646 3968 802 4033 pierumque
838 3967 949 4040 τάρχας
973 3965 1028 4020 δύο
1054 3972 1105 4023 καὶ
1130 3966 1183 4020 τὸν
1210 3969 1371 4041 Κρισπῖνον
1395 3967 1490 4023 αὐτὸν

158 4045 603 4111 ‚miserm-Ciniimbadapr.
619 4047 800 4099 exsurexi.
838 4044 1020 4101 ἀπέκτειναν.
1043 4071 1072 4084 -
1102 4047 1192 4099 urbem
1209 4073 1220 4085 ·
1238 4073 1249 4085 -
1264 4044 1369 4112 petunt]
1394 4048 1489 4101 Totam

157 4130 194 4189 2.
210 4132 256 4191 eui
276 4127 369 4179 iaudat
385 4126 455 4176 dnn.
474 4127 500 4179 2.
519 4126 572 4177 79:
592 4141 624 4178 ne
641 4134 731 4179 cosmo
747 4141 803 4179 cor·
840 4134 929 4179 eutem
949 4141 1003 4180 rem
1022 4127 1201 4180 obscuriorem
1221 4130 1256 4178 ita
1281 4127 1421 4191 explanare
1445 4141 1489 4182 co·

157 4208 308 4270 mortens
324 4211 415 4258 uniet.
438 4206 526 4257 usca.
840 4209 923 4261 nabor
947 4210 1040 4259 coiiaio
1065 4210 1192 4269 imprimis
1218 4207 1358 4261 Plutarcho
1383 4207 1413 4260 (l.
1441 4208 1487 4262 se

188 4288 231 4339 0⁰.
250 4294 397 4350 septimum
414 4285 548 4336 &mnsam
565 4282 707 4349 coicerent]
726 4285 804 4338 Tales
841 4289 962 4340 Coboriis
981 4288 1057 4340 buius
1077 4288 1203 4339 Ostiensis
1227 4299 1298 4340 arma
1325 4289 1487 4351 temporibus

158 4368 274 4419 robertes
293 4365 443 4430 legionibus
460 4378 513 4417 non
530 4373 682 4429 aggregatae
700 4374 804 4424 necui
841 4371 941 4432 panaris
968 4371 995 4417 in
1025 4371 1227 4420 armamentario
1253 4369 1367 4432 reposita
1395 4375 1487 4429 erant.

159 4462 186 4499 er
198 4449 224 4498 i.
237 4449 255 4498 t.
270 4448 402 4501 discitur.
422 4447 498 4496 tastis
512 4445 711 4509 legionariorum
725 4450 804 4498 armis
841 4451 887 4501 nbi
905 4450 999 4499 meiius
1018 4449 1240 4500 conservabantur
1264 4461 1342 4511 quam
1363 4461 1410 4512 per
1427 4461 1488 4500 con·

159 4531 296 4580 monens
310 4524 515 4577 numerabantur
528 4533 558 4575 ut
570 4526 685 4590 legiones
702 4531 728 4577 et
741 4527 803 4578 inde
842 4529 962 4581 tubernte
975 4528 1105 4591 simulque
1119 4533 1154 4578 tta
1175 4532 1245 4580 risse
1266 4529 1486 4592 impediebantur:

159 4620 250 4661 nemen
268 4605 445 4670 recipiebam.
468 4604 508 4654 bd
528 4611 609 4656 teram
628 4612 717 4657 antem
736 4606 803 4658 bane
842 4614 891 4660 tam
911 4609 1046 4671 crispinus
1065 4609 1176 4658 mittitur
1193 4607 1293 4659 Ostium
1306 4610 1417 4658 accitum
1430 4621 1488 4661 earn

159 4696 249 4740 narret
270 4686 319 4740 cir.
338 4686 415 4736 suet·
433 4683 496 4734 Oib.
509 4684 536 4736 8.
550 4697 608 4736 cum
625 4685 801 4749 Baumsrrten
841 4689 976 4739 cohortem
995 4694 1022 4737 et
1049 4686 1127 4738 detur
1154 4690 1177 4739 ai
1202 4687 1342 4739 armandae
1370 4687 1488 4738 eiusdem

159 4768 507 4825 mettainentionesttem
520 4764 652 4816 Plutarch.
667 4765 801 4817 Otb.3.-·
841 4781 913 4819 cura.
939 4765 1110 4836 (Κρισπῖνον
1128 4763 1159 4818 ii
1177 4767 1351 4831 πέμψαντος
1362 4759 1489 4830 Ὄθωνος

159 4844 803 4912 wien]snatcnuese:meetueronimssn-
841 4846 894 4915 τὴν
911 4842 1159 4911 ἑπτακαιδεκάτην
1176 4850 1298 4916 στεῖραν
1321 4839 1352 4908 ἐξ
1374 4839 1489 4909 Ὠστίας

158 4925 803 4991 setueobortescdarcenderincendiorumcoeoe
840 4922 978 4990 ἄξοντα
1011 4919 1149 4977 κάκείνου
1179 4921 1309 4988 νυκτὸς
1348 4917 1408 4974 ἔτι
1438 4939 1487 4973 συ·

159 5007 303 5057 redomuit.
322 5006 399 5056 ers.
414 5031 442 5042 -
458 5006 552 5069 patuis
564 5003 669 5069 caetris]
686 5006 754 5069 Quia
766 5009 804 5057 vi·
839 5006 1057 5069 σκευαζομένου
1070 5001 1141 5070 κτλ.)
1161 5003 1312 5064 Crispinus.
1332 5007 1363 5051 ut
1379 5008 1432 5054 tota
1446 5015 1487 5056 ree

160 5087 231 5150 ntitas
261 5091 314 5136 tam
341 5093 405 5136 tnnc
424 5087 580 5135 constitutae
607 5091 634 5134 et
659 5098 749 5136 omnes
776 5088 802 5136 in
840 5085 1007 5148 trenauiiiiue
1033 5092 1183 5149 gereretur.
1215 5085 1358 5145 incipiente
1390 5091 1486 5144 nocte,

160 5167 355 5228 muniis,
379 5168 493 5229 exeeptis
522 5164 654 5229 vigitinus.
673 5165 749 5219 brrs.
769 5191 801 5204 -
840 5165 960 5217 rehteuie
974 5165 1104 5224 robertis.
1123 5169 1153 5215 ut
1165 5166 1192 5215 in
1206 5164 1300 5216 itinere
1313 5162 1489 5217 attererentur
