3725 5892
745 470 1045 557 mmmm
1505 470 1567 536 m

230 634 335 699 nuum
357 642 546 701 mercentur.
582 635 644 699 cibi
674 632 851 718 simplices,
881 631 1017 717 agrestio
1048 651 1161 720 ponne,
1199 652 1312 699 rucene
1342 629 1410 697 iere
1439 636 1493 697 eni
1523 630 1571 696 inc

230 755 420 815 concretum.
456 747 524 813 sine
546 757 714 835 apparatu,
745 746 814 812 sine
832 744 1052 812 blandimentis
1074 743 1234 834 expellunt
1258 747 1385 810 tument.
1420 743 1571 809 edverree

230 860 312 925 nitier
335 881 398 926 non
417 862 528 926 endem
548 859 767 947 temperentia.
805 861 831 924 si
850 858 1018 924 induieerie
1040 858 1184 925 ebrietati
1199 861 1396 943 suggerendo
1419 866 1570 943 quantum

230 973 469 1061 concupiscunt,
494 977 576 1038 hund
598 975 701 1038 minue
721 971 813 1038 ieciie
832 972 914 1036 vitiis
935 992 1029 1057 quem
1049 974 1145 1037 ermis
1168 971 1343 1037 vincentur.

315 1086 379 1171 (Μ)
407 1089 513 1152 Genus
538 1084 789 1172 spectaculorum
817 1104 914 1150 unum
942 1092 1035 1171 etqrre
1067 1086 1212 1149 inomni
1241 1092 1333 1149 coctu
1363 1081 1458 1149 idem.
1494 1084 1592 1151 nudie

230 1202 376 1275 invenes.
406 1201 521 1286 quibus
542 1197 575 1264 id
597 1199 752 1265 ludicrum
775 1207 836 1273 esi,
865 1199 950 1263 inter
970 1196 1091 1283 giudice
1111 1218 1146 1263 ee
1170 1205 1265 1283 atque
1286 1195 1416 1263 iniectae
1436 1195 1571 1261 tremene

231 1313 457 1379 enunciant.
489 1311 673 1378 exercitatio
701 1319 800 1377 artem
821 1309 963 1397 perurit,
991 1330 1043 1375 ern
1067 1313 1230 1385 decorem,
1260 1331 1324 1397 non
1348 1310 1381 1376 in
1407 1320 1570 1396 quaestum

231 1435 335 1491 temen
361 1435 416 1490 aut
439 1428 638 1491 mercedem:
679 1426 820 1511 quemvis
849 1425 975 1489 audacie
1006 1422 1151 1489 ieeciviee
1177 1423 1313 1509 pretium
1349 1432 1396 1488 eet
1426 1422 1571 1506 roinptee

231 1540 445 1625 spectantium.
489 1541 612 1614 uicum,
645 1537 731 1623 qnod
760 1540 895 1613 mirere,
928 1534 1028 1602 sobrii
1055 1536 1138 1602 inter
1167 1541 1249 1603 seria
1277 1545 1448 1612 exercent,
1483 1544 1569 1600 tnntn

230 1650 370 1717 lucrundi
394 1653 587 1737 perdendive
606 1653 783 1716 temeritate
808 1658 859 1725 ut,
890 1670 962 1714 cum
990 1651 1095 1715 omnin
1117 1648 1324 1726 deiecerunt,
1341 1707 1348 1721 ,
1364 1660 1507 1715 extremo
1534 1669 1571 1715 ac
1582 1661 1608 1703 ¹⁰

230 1763 402 1831 novissimo
423 1767 504 1831 iectu
529 1767 569 1829 de
589 1762 734 1830 libertate
749 1785 786 1828 ac
808 1766 846 1828 de
866 1782 1004 1851 corpore
1019 1765 1220 1828 contendunt.
1245 1764 1345 1830 victus
1362 1762 1572 1829 voluntariam

299 1956 325 2007 ³.
345 1957 493 2009 enecuere
510 1955 721 2020 repertor-rr.
742 1980 774 1992 -
794 1955 837 2006 tii.
861 1953 1003 2019 desecnint
1018 1954 1049 2007 Ρ.
1082 1980 1112 1992 -
1144 1955 1188 2007 tt.
1216 1954 1397 2007 ocdePGr
1430 1961 1453 2007 et
1473 1954 1523 2017 de,
1543 1960 1573 2008 ut

232 2027 336 2091 iterio·
355 2031 432 2080 terite
451 2028 554 2087 edidit,
575 2027 606 2079 ti.

232 2195 315 2251 niori,
343 2204 396 2255 eno
418 2193 545 2251 nentri,
572 2197 603 2242 nt
624 2203 695 2242 nunc
716 2204 825 2254 quoque
844 2190 880 2241 ie·
895 2195 902 2244 t
917 2192 964 2250 tit,
983 2194 1013 2243 nt
1029 2190 1097 2242 reitu
1109 2198 1309 2254 eupererentnr.
1337 2192 1431 2255 tienne
1445 2204 1507 2244 rero
1521 2192 1573 2245 true

232 2277 304 2324 ciunt
321 2272 396 2328 itett,
416 2271 878 2329 teresturenetiuniiueccniertre,
918 2271 1022 2323 trenere
1050 2271 1165 2322 debebet
1192 2270 1335 2323 onerttnur
1363 2271 1455 2323 Sidon.
1482 2274 1572 2334 epoti.

232 2367 285 2416 qno
303 2354 384 2403 iunior
401 2352 477 2402 fleret
495 2365 573 2412 etro,
595 2358 654 2415 poet
672 2366 754 2403 unum
774 2355 879 2404 dentum
918 2352 1018 2414 Penes.
1042 2351 1183 2403 dicturiunt
1213 2351 1282 2402 eine
1316 2351 1460 2417 eiipeotqrre
1484 2358 1574 2404 rotcre

231 2434 374 2485 etterumre
393 2432 463 2482 diem
482 2444 496 2482 e
515 2434 607 2495 coquit
628 2434 822 2494 preeperender
835 2444 880 2482 eu·
919 2430 1008 2481 Ludite
1020 2436 1044 2482 et
1055 2433 1170 2482 intortae
1179 2430 1334 2493 praecedere
1345 2433 1457 2483 rattibor
1473 2433 1572 2492 inetur,

232 2513 334 2563 renent.
354 2511 483 2572 Pompon.
503 2512 541 2563 nt.
556 2513 582 2571 ³,
597 2512 628 2562 ³:
650 2513 725 2563 Vietn
743 2516 782 2563 ito
794 2513 882 2577 deperi
918 2511 964 2561 unt
977 2523 1029 2562 non
1044 2511 1077 2563 de
1090 2511 1170 2572 iudo,
1191 2512 1238 2564 ted
1252 2511 1285 2561 de
1299 2512 1403 2574 preeitie
1422 2515 1574 2576 egi,n1nn·

230 2593 387 2655 eruntque,
407 2598 437 2640 ut
457 2592 540 2641 crudo
557 2593 636 2643 emm
650 2605 730 2644 corne
741 2597 882 2643 verruntur
918 2596 1004 2643 etreut
1020 2596 1158 2655 renuenti·
1177 2605 1218 2644 rr.
1247 2593 1331 2654 inune
1354 2592 1450 2643 ionem
1474 2596 1574 2643 nonme

233 2673 395 2723 outremer
419 2675 466 2722 cut
485 2684 545 2721 cum
562 2675 692 2736 ripentenr
711 2675 740 2723 tn
756 2675 821 2736 ipris
837 2686 883 2736 pe·
916 2673 1003 2735 peine.
1025 2698 1054 2710 -
1073 2668 1195 2735 porceti]
1214 2673 1336 2723 norietur
1354 2673 1487 2736 significet
1505 2674 1574 2724 benc

232 2753 326 2804 uadunt
344 2751 513 2815 {meamque
531 2755 609 2803 cortic
627 2753 747 2804 mantice
763 2753 883 2818 pedidus·
919 2754 1002 2804 crient
1021 2752 1176 2802 temdudum
1196 2755 1223 2801 tn
1242 2762 1410 2803 communem
1429 2752 1573 2804 Germeno·

231 2847 281 2897 que
297 2832 622 2898 enitpendcrenovnrnet.
655 2834 695 2885 lie
707 2836 791 2885 eredo
804 2847 882 2886 cerne
920 2845 979 2882 rurn
992 2845 1092 2882 rnorem
1108 2833 1217 2883 eetetree
1232 2833 1435 2898 erepternqne
1454 2835 1571 2884 exerceri

231 2913 352 2967 debitore
370 2912 450 2974 iicet,
472 2917 521 2962 niet
541 2918 639 2977 rogites
653 2913 686 2964 de
705 2914 829 2978 iurnigetr
842 2913 883 2965 eei
921 2915 1011 2975 tteque
1030 2912 1101 2974 epud
1121 2924 1225 2963 omnem
1244 2916 1379 2964 notionem
1400 2927 1429 2964 er
1450 2925 1480 2964 ee
1494 2913 1573 2965 deco·

232 2998 310 3045 etiem
329 2995 355 3043 tn
375 2992 596 3052 eoietorreiecte,
617 3005 671 3055 nne
689 2994 773 3045 soient
792 2996 883 3044 etiem·
921 3005 976 3044 rent
1001 2995 1102 3054 perert3
1132 3004 1277 3055 preeeeur,
1298 2992 1369 3055 quod
1396 2992 1438 3043 etit
1458 2992 1569 3053 hebent,

231 3087 301 3124 nnnc
320 3077 388 3126 reret
413 3074 487 3125 Reett
513 3075 642 3124 monteri.
679 3073 757 3125 Certe
774 3072 884 3124 Poride·
921 3084 1018 3135 peucoe
1037 3072 1173 3124 dumterei
1190 3072 1224 3123 ed
1243 3073 1314 3123 hunc
1333 3073 1459 3122 honorem
1480 3086 1574 3136 peree-

232 3158 293 3205 niue
307 3167 332 3216 p.
348 3153 415 3204 tter
435 3154 655 3223 προσφέρονται
673 3156 745 3223 κρέα
755 3151 884 3220 μεληδὸν
920 3156 978 3203 nire
1005 3152 1172 3216 rignideeret.
1197 3177 1231 3188 -
1256 3150 1409 3215 quamtum]
1446 3157 1477 3202 ut
1503 3153 1575 3204 eote·

235 3232 403 3301 ὠπτημένα·
431 3239 511 3296 etque
543 3232 613 3294 epud
641 3232 762 3283 Tertium
791 3234 883 3284 critere
922 3232 985 3281 beni
1009 3231 1178 3282 circuietoree
1204 3234 1257 3285 etre
1284 3231 1441 3283 iocuirtoree
1462 3232 1573 3284 domeni

231 3326 317 3365 recent
336 3326 387 3364 non
402 3319 488 3373 potent
502 3325 560 3361 enm
573 3312 631 3362 ettie
647 3312 770 3376 erpiierri
789 3315 882 3364 erede.
921 3311 985 3362 tetes
1010 3316 1079 3362 ertee
1105 3312 1213 3363 ieeciree
1232 3312 1386 3373 pienecutee
1414 3313 1573 3374 epectender

233 3388 469 3454 -iiondt’rnenttel
490 3392 790 3456 condimentieeittenue
808 3395 883 3458 gnire
921 3391 1057 3443 exhibere.
1085 3416 1113 3428 -
1142 3388 1300 3455 nnrredem]
1320 3393 1457 3455 signiticet
1470 3394 1573 3466 giedte·

234 3476 421 3528 irritententte‚
448 3473 530 3521 risere
553 3486 578 3522 r.
599 3485 641 3529 e..
670 3474 780 3530 iniere.
809 3487 882 3536 gero,
921 3477 1006 3521 torum
1021 3472 1185 3534 potissimum
1198 3474 1489 3533 ructorenreutum,ed
1501 3472 1571 3538 quod

233 3554 318 3617 ecrite
347 3560 485 3604 enumeret
510 3552 601 3603 floret.
626 3552 681 3602 Set.
700 3553 727 3610 Ξ,
747 3552 773 3601 8.
796 3578 824 3589 -
844 3555 883 3603 ei·
921 3554 1080 3613 putrimonio
1099 3564 1204 3602 comeso
1223 3551 1342 3603 homines
1362 3553 1458 3615 perditi
1473 3554 1571 3604 iionree
1612 3554 1615 3561 “

233 3632 287 3697 tite]
307 3633 494 3684 «temulentior
513 3633 591 3689 vitio,
612 3634 654 3683 cui
669 3636 778 3683 nimium
798 3632 883 3683 indui·
920 3644 1000 3695 eeepe
1020 3632 1215 3696 coningtebent.
1239 3654 1268 3668 -
1288 3630 1390 3696 nuum]
1412 3636 1475 3696 tnui
1494 3635 1570 3684 nobie

232 3720 293 3777 gent
317 3715 465 3775 eeterienue
491 3724 550 3763 eum
575 3712 619 3762 tito
644 3714 699 3764 tere
718 3715 880 3769 eoniuneiie.
921 3720 962 3765 eet
974 3725 1062 3764 merce
1075 3712 1163 3773 indue,
1184 3715 1233 3764 etei
1250 3713 1383 3763 interdurn
1398 3716 1435 3764 rei
1451 3713 1572 3766 temtiteri

233 3795 325 3854 pertire
345 3793 513 3851 trecundite,
534 3794 778 3855 pertimeepnittee.
803 3793 882 3853 Fece·
921 3797 1083 3855 perniciosus
1109 3800 1189 3857 etque
1219 3792 1318 3843 ideirco
1350 3793 1450 3858 iegibur
1477 3795 1572 3846 retitur

234 3880 288 3924 tum
301 3870 454 3925 (irriderer
468 3885 528 3923 curn
542 3874 624 3922 nrmie
642 3872 736 3922 irueire
751 3874 883 3935 queeeirtt
919 3872 996 3937 (tior.
1011 3873 1038 3934 ti,
1048 3873 1092 3931 et.
1107 3874 1159 3924 58:
1179 3873 1261 3923 vetito
1274 3873 1371 3940 tepidus
1384 3872 1465 3938 cieo),
1478 3873 1572 3925 Setur·

234 3954 299 4004 cod.
312 3953 406 4005 Brutu-
420 3955 537 4016 scriptor
549 3954 612 4002 vtnc
626 3952 694 4003 uitro
707 3954 880 4004 substituens.
920 3955 1024 4005 neitnue
1036 3959 1137 4005 mnium
1152 3956 1315 4016 permirtum
1335 3955 1416 4012 hunc,
1441 3959 1517 4018 quest
1531 3968 1572 4007 ree

266 4033 309 4083 ui.
340 4045 420 4099 penne
446 4028 665 4097 epectncuiorum]
692 4032 758 4083 itote
785 4034 882 4083 nutiern
920 4036 1234 4098 ereetperquerneerte,
1255 4033 1473 4086 eobriterercent
1493 4037 1572 4087 tidem

234 4126 337 4176 proreue
367 4113 410 4162 nte
435 4113 491 4163 fleri
524 4115 685 4163 mentionem
719 4114 881 4163 indictorum
921 4113 1063 4173 Germani,
1083 4115 1128 4177 qui
1148 4121 1239 4163 contre
1257 4114 1370 4176 depoce
1388 4128 1420 4165 oc
1439 4114 1572 4176 bedente·

234 4195 403 4243 certemtnum
423 4201 514 4254 pottee
534 4200 586 4243 tern
600 4192 777 4256 trequentium
795 4190 880 4254 (ticet,
919 4206 1029 4257 rumque
1044 4194 1073 4242 tn
1090 4193 1219 4243 concinite
1236 4193 1397 4243 conruitont.
1419 4193 1448 4243 C.
1463 4194 1525 4245 22.»
1543 4218 1569 4231 -

233 4272 348 4335 interr).
385 4272 425 4322 Iie
444 4273 551 4324 iudtcrit
575 4273 698 4323 betuendi
720 4274 882 4323 exercitetio·
920 4280 1037 4323 extremo
1050 4269 1247 4336 ccnooteeimo]
1269 4268 1395 4325 Similiter
1413 4280 1494 4337 etone
1514 4279 1572 4336 ipre

233 4353 309 4404 nibue
328 4352 440 4403 Gedrun
460 4352 512 4404 Str.
533 4352 594 4403 369.
609 4354 748 4403 Ziernenn:
768 4354 818 4401 retr
837 4352 882 4402 do·
920 4351 1013 4403 Cicero
1033 4352 1066 4402 de
1084 4352 1172 4402 Dicin.
1192 4352 1224 4407 2.
1243 4349 1288 4402 43.
1319 4354 1405 4416 iungit
1428 4361 1573 4403 extremum

232 4433 293 4483 ieter
316 4445 366 4482 eree
388 4445 416 4481 re
439 4432 523 4489 re‘itte.
548 4433 598 4483 dor
624 4434 666 4482 ein
692 4431 883 4495 citertepeiicie
921 4438 1001 4495 cipue
1018 4432 1150 4481 citimum.
1197 4431 1255 4481 Hoc
1274 4437 1362 4482 eutem
1381 4433 1398 4481 i.
1418 4445 1496 4493 outtn
1517 4434 1573 4484 etu-

230 4513 351 4575 petrem
367 4515 444 4562 ritter
464 4517 513 4561 unt
531 4512 573 4562 die
591 4510 688 4563 inette.
711 4536 741 4547 -
760 4507 881 4574 inferint]
921 4514 1057 4563 certisime
1076 4512 1185 4562 Ttreitue
1211 4512 1357 4571 exprimere
1382 4511 1482 4567 rointt.
1511 4525 1571 4564 eum

233 4596 369 4646 emerere:
388 4592 882 4655 rce.tndtcet,quernperieuioenmrit
921 4597 1025 4651 omnin,
1044 4606 1113 4655 oure
1132 4594 1191 4655 quie
1214 4590 1361 4652 pernicem
1382 4592 1493 4653 perdere
1513 4604 1572 4653 poe·

234 4673 259 4723 id
274 4672 414 4723 tudieruru.
436 4672 709 4735 iiimbeneerpreesit
723 4672 880 4723 Lourndre:
920 4677 971 4733 eit,
992 4672 1157 4731 defecerint,
1177 4683 1238 4722 euru
1258 4670 1365 4720 tendern
1385 4670 1482 4721 rudere
1498 4673 1570 4724 titum

233 4750 640 4817 drepenteewiieemenccent.
661 4754 759 4805 Verum
773 4753 881 4804 dimciie
920 4752 1137 4809 seoncurtem,
1164 4753 1210 4813 nui
1230 4750 1263 4802 de
1283 4752 1339 4813 ipre
1358 4751 1480 4803 tinertete
1500 4752 1570 4803 deci·

234 4834 375 4884 erteierern
386 4833 465 4883 huius
476 4833 531 4884 iudi
546 4836 683 4895 imaginem
694 4837 782 4884 enirno
795 4835 882 4883 eonci-
921 4834 984 4895 det,
1003 4830 1157 4893 (extremum
1169 4831 1281 4883 reietum
1297 4830 1330 4881 ed
1344 4827 1464 4893 priores),
1484 4835 1572 4883 nonie-

234 4926 315 4975 perez
335 4916 751 4970 neeetnnrentn.utrurnrrne
771 4913 881 4964 titeroio
922 4916 1033 4965 etenum.
1062 4915 1285 4975 pertenentem
1305 4910 1405 4961 nntium
1426 4911 1495 4962 uitre
1514 4917 1571 4964 ien-

234 4992 880 5053 tnttreiuertet,enebeiierereiuttedrerterie
920 5002 976 5045 tere
1012 4992 1113 5052 iiceet,
1147 4987 1352 5052 (entecieidende
1382 4991 1438 5039 und
1474 4992 1570 5055 ietrte).

234 5076 359 5124 ineeuutn
373 5073 601 5136 perteiueiterenr
616 5079 732 5134 porrecte
749 5079 829 5136 etune
843 5077 882 5124 in·
920 5074 1044 5124 Ceterum
1074 5071 1144 5121 idem
1172 5082 1278 5132 proretis
1306 5069 1339 5119 de
1360 5070 1463 5121 iiunnte
1491 5074 1571 5123 trudit

234 5159 351 5215 tentetr,
379 5151 468 5218 itique
496 5153 591 5204 iudicet
619 5164 660 5204 ere
683 5154 711 5202 in
728 5164 760 5202 eo
778 5160 880 5205 verente
920 5152 1075 5204 emercetur
1093 5150 1126 5202 de
1144 5150 1227 5202 Toni·
1246 5149 1334 5202 cdi.
1356 5151 1569 5216 eprstpeturn.
