3725 5892
536 493 654 557 nmen
673 491 718 557 11.
763 490 841 575 etp.
864 493 917 557 aa.
941 491 994 556 st.
1018 493 1070 557 as.
1095 493 1147 557 aa.
1454 493 1516 558 tor

182 648 262 716 unde
294 651 460 716 tormentis
492 671 530 716 ec
561 649 710 716 machinis
742 654 850 716 hostes
877 649 1146 738 propulsarentur.
1179 651 1349 717 Othoniani
1381 653 1415 716 in
1445 651 1514 738 ripa

180 765 290 828 turrim
312 770 499 837 struxerant.
522 785 661 848 saxaque
683 771 716 829 et
735 762 819 829 laces
839 761 1066 831 iaculabantur.
1090 761 1155 847 (35)
1178 773 1210 828 et
1224 763 1404 831 eratinsula
1422 785 1514 832 amne

178 875 294 951 medio,
316 877 350 940 in
372 898 465 960 quam
489 876 675 961 gladiatores
695 875 827 942 navibus
848 877 1024 953 molientes,
1048 879 1195 944 Germani
1217 879 1322 943 nando
1347 878 1513 961 praelabe-

178 988 303 1055 hsntur.
327 1010 364 1055 ac
384 988 466 1056 sorte
488 989 593 1075 plures
614 1001 839 1073 transgressos,
860 989 1023 1076 completis
1044 992 1236 1066 Liburnicis,
1266 1011 1325 1077 per
1346 994 1514 1078 promptis·

178 1104 277 1167 simos
297 1101 505 1188 gladiatorum
526 1106 631 1168 Macer
652 1104 842 1186 adgraditur.
859 1102 913 1168 sed
934 1123 1035 1188 neque
1051 1124 1088 1169 ea
1102 1106 1275 1170 condentis
1290 1104 1540 1189 gladiatoribuss

178 1219 214 1281 sd
238 1215 357 1302 praelis
380 1237 461 1300 qnae
483 1215 648 1292 militibus;
672 1236 733 1281 nec
753 1214 883 1300 perinde
904 1224 1048 1281 nutantes
1078 1238 1097 1282 e
1125 1217 1258 1283 naribus
1287 1238 1380 1302 quam
1410 1217 1515 1284 stabili

178 1331 279 1413 grstia
301 1349 320 1392 e
341 1331 411 1414 ripe
431 1328 559 1393 volnera
581 1327 768 1412 dirigebant.
787 1337 818 1393 et
832 1351 902 1394 cum
918 1329 1013 1395 variis
1027 1330 1247 1415 trepidantium
1263 1329 1517 1396 inclinationibus

177 1440 270 1507 mixti
292 1443 427 1526 remiges
449 1450 759 1527 propugnatoresque
782 1440 1002 1517 turbarentur,
1027 1440 1152 1508 desilire
1173 1445 1205 1508 in
1227 1443 1305 1509 rade
1337 1443 1417 1509 ultro
1441 1446 1519 1510 Ger-

178 1555 282 1628 mani,
305 1562 461 1620 retentare
491 1574 624 1641 puppes,
655 1552 806 1619 scandere
835 1551 939 1629 soros,
969 1563 1022 1620 aut
1051 1558 1226 1622 comminus
1247 1577 1402 1641 mergere.
1436 1577 1517 1644 quaa

178 1677 292 1734 cuncta
323 1670 356 1732 in
386 1667 486 1733 oculis
514 1670 677 1752 utriusque
709 1668 864 1732 exercitus
893 1677 1011 1751 quanto
1044 1669 1175 1735 laetiora
1203 1669 1394 1746 Vitellianis,
1428 1679 1556 1736 tantos·

180 1780 285 1847 acrius
307 1781 476 1846 Othoniani
499 1801 624 1846 causam
647 1788 869 1867 auctoremque
891 1780 988 1846 cladis
1009 1784 1255 1849 detestabantur.
1283 1787 1350 1862 (tt)
1374 1793 1405 1848 et
1427 1805 1519 1868 prae·

178 1893 256 1959 lium
280 1893 418 1981 quidem,
442 1892 579 1980 abreptis
600 1916 682 1978 quae
702 1903 889 1981 supereraut
910 1894 1051 1970 navibus,
1072 1894 1146 1980 suga
1178 1894 1387 1980 diremptum:
1415 1902 1520 1964 Macer

177 2010 218 2072 sd
240 2006 374 2073 exitium
396 2005 592 2094 poscebatur.
617 2007 742 2095 iamque
764 2008 960 2075 volneratum
983 2008 1105 2074 eminus
1126 2012 1235 2075 lancea
1264 2012 1379 2076 strictis
1408 2010 1518 2097 gladiis

177 2125 369 2196 invaserant,
394 2143 465 2194 curn
495 2121 671 2186 intercursu
702 2120 900 2187 tribunorum
934 2121 1215 2210 centurionumque
1242 2126 1430 2210 protegitur.
1461 2145 1519 2190 nac

178 2234 279 2298 multo
302 2241 374 2319 posi
393 2233 565 2302 Vestricius
587 2233 741 2319 Spurinna
763 2234 851 2300 iussn
873 2233 1023 2308 Othonis,
1047 2233 1155 2302 relicto
1184 2236 1361 2302 Placentiae
1393 2237 1557 2308 modicata

178 2349 358 2433 praesidio,
400 2369 469 2414 cunr
498 2345 682 2415 cohortibus
707 2350 864 2412 subvenit.
899 2350 972 2413 dein
1008 2347 1148 2414 Flavium
1180 2351 1329 2416 Sabinum
1358 2350 1519 2417 consulam

252 2502 278 2552 3.
296 2503 362 2563 pret.
383 2502 421 2551 Μ.
443 2526 474 2538 -
504 2503 531 2553 G.
548 2503 629 2566 pinde
647 2515 706 2553 eurn
722 2513 742 2563 p
760 2500 872 2551 caudato
891 2500 1022 2566 (proinde)
1039 2502 1077 2553 Μ.
1104 2529 1133 2541 -
1164 2504 1191 2554 7.
1217 2504 1369 2570 derigebant
1387 2505 1425 2555 Μ.
1444 2531 1474 2543 -
1495 2510 1521 2556 ιι

179 2579 237 2623 tarn
255 2573 293 2623 Μ.
322 2599 351 2610 -
383 2574 410 2623 8.
431 2574 610 2624 tiabetrniati
628 2574 675 2631 nt,
704 2586 755 2623 non
774 2574 888 2622 intentati
907 2571 980 2623 ilari.
1002 2573 1077 2625 liodi.
1097 2575 1148 2625 les.
1170 2574 1257 2626 Gueti.
1276 2575 1380 2626 Putant.
1409 2601 1441 2613 -
1474 2576 1517 2626 tt.

178 2647 300 2704 arruptis
312 2644 349 2695 nt.
371 2644 488 2696 Correxit
501 2647 522 2694 t.
539 2646 580 2694 Fr.
596 2644 751 2695 Gronovius.
769 2669 796 2681 -
820 2643 907 2695 tithei
923 2650 1078 2703 supererant
1097 2645 1142 2701 Μ.
1163 2657 1213 2695 noa
1233 2644 1419 2708 superfuerant
1442 2646 1517 2698 Heri.

179 2715 333 2838 ἔξαιΜιιι.
347 2713 434 2766 Gaeii.
449 2715 551 2767 Putant.
570 2715 638 2766 Edd.
658 2724 718 2767 ante
732 2714 871 2779 ligerium.
887 2738 919 2752 -
938 2728 1028 2766 snaeer
1044 2714 1080 2780 (in
1094 2729 1182 2769 sersus
1195 2715 1258 2776 bna)
1277 2718 1404 2776 eattinnr,
1424 2722 1519 2769 omitto

227 2823 236 2848 ,
286 2819 294 2835 .

179 2934 287 2995 operosi
312 2931 377 2994 quid
397 2933 566 2995 significatur.
596 2933 708 2985 Baebius
727 2944 833 2997 eompa-
869 2929 1039 2984 dcrc'snone.
1059 2931 1094 2983 ιι
1110 2937 1207 2982 saocnt
1227 2932 1365 2984 Titienront
1377 2932 1399 2981 l.
1415 2946 1441 2995 p.
1456 2930 1518 2983 bib.

179 3022 221 3063 ιιι
249 3012 295 3063 Gr.
320 3012 481 3078 νηχόμενοι
509 3007 653 3074 ἔφθανον.
697 3013 767 3066 Sane
794 3021 833 3064 est
869 3011 907 3074 (p.
932 3011 993 3062 stt.
1019 3011 1068 3062 lld.
1094 3010 1154 3062 Par.
1175 3009 1266 3071 tito.)
1294 3010 1387 3074 paruit
1413 3013 1522 3062 n¹ouoir

180 3106 292 3156 zeugma
313 3101 389 3143 etet
409 3106 433 3142 r.
451 3092 676 3154 prestolabantur
700 3094 732 3144 ad
758 3094 833 3142 ntoii·
868 3105 917 3154 pas
937 3089 990 3152 suit
1007 3096 1072 3140 cette
1089 3090 1260 3153 distinction,
1281 3105 1308 3141 ce
1326 3093 1373 3155 qui
1389 3092 1453 3140 send
1470 3105 1521 3141 son

183 3182 253 3223 entes
271 3172 430 3222 eiiciendorn
449 3173 521 3221 ocius
548 3175 682 3233 peruenire
703 3174 833 3224 emeban-
868 3170 934 3221 risit
951 3176 1009 3220 tout
1022 3168 1133 3236 ·ri·{ait
1151 3170 1343 3235 inirrtsilipibie.
1362 3171 1474 3223 Funere
1494 3177 1521 3222 et

181 3257 242 3309 ior:
261 3263 351 3315 neque
371 3264 431 3300 tero
453 3265 494 3302 rt.
513 3251 677 3315 gladiatores
696 3275 707 3286 ·
722 3253 832 3301 nroiien·
869 3252 1012 3302 Barnous.

182 3340 221 3382 tes
242 3344 301 3383 curn
321 3333 449 3391 Rupertin
469 3344 515 3391 pro
534 3338 648 3382 accuset.
670 3330 759 3382 haberi
774 3345 833 3394 pos·
903 3330 947 3380 eti.
967 3326 1091 3394 abreptis]
1112 3333 1222 3391 erapttnt
1241 3330 1378 3389 abductis,
1398 3345 1467 3395 qaae
1488 3331 1521 3382 ab

181 3421 300 3464 sunt-
319 3409 477 3473 liburnicis]
492 3412 581 3463 hirtae
594 3412 831 3469 suntaLtbnrnis,
870 3411 988 3461 hostibus
1017 3419 1107 3471 raptae
1134 3419 1180 3461 sut
1205 3424 1307 3462 mersae
1338 3424 1389 3462 non
1418 3419 1520 3463 esent.»

181 3493 277 3557 tityrtei
301 3492 415 3553 popuio.
441 3505 554 3553 quarunt
574 3491 670 3542 auritio
692 3504 752 3541 curn
771 3504 833 3541 usus
870 3489 960 3540 Gauu.
982 3489 1083 3540 «Codd.
1104 3491 1224 3552 emptis
1243 3492 1283 3544 rei
1302 3491 1446 3554 abruptis,
1474 3492 1521 3543 sed

182 3580 253 3625 esset
263 3573 397 3636 Angustus
411 3572 479 3621 betto
493 3575 601 3622 Actiaco
613 3579 640 3621 et
652 3575 832 3632 experimento
870 3569 906 3619 tot
925 3570 991 3620 nihii
1010 3570 1060 3619 iutt
1077 3569 1297 3630 abrumpendum,
1318 3574 1369 3622 niti
1390 3573 1411 3620 tt
1425 3572 1450 3620 td
1464 3584 1521 3624 rer·

182 3655 319 3704 didicisset
332 3665 423 3702 eorum
437 3665 515 3702 nares
531 3652 563 3700 ad
578 3652 699 3703 celeriter
712 3655 834 3713 navigan·
873 3649 937 3698 burn
968 3652 1076 3710 respicii
1101 3650 1135 3700 sd
1155 3649 1300 3701 Germanos
1330 3657 1521 3702 retentantes.»

182 3734 245 3785 darn
264 3735 359 3783 ceteris
387 3733 502 3794 aptiores
527 3743 603 3791 esse,
624 3731 689 3782 tates
708 3733 786 3781 etiarn
806 3733 833 3781 iu
870 3729 994 3780 Wsertt·
1015 3728 1068 3791 (Sic
1081 3742 1129 3791 pro
1142 3738 1213 3780 certo
1228 3729 1351 3791 expiicsrt
1370 3742 1401 3780 sc
1414 3728 1520 3780 delendi

183 3812 313 3866 ιιιιιιιιιι
341 3812 465 3862 Romanis
492 3810 624 3861 iaciendas
646 3813 757 3861 curarit.
777 3809 830 3859 dir.
871 3811 989 3871 nequit.)
1018 3809 1148 3873 onychius
1167 3810 1234 3862 rneie
1255 3809 1417 3873 intetiigebet
1444 3810 1523 3860 attra-

183 3896 276 3959 Veget·
288 3896 316 3954 5,
329 3894 357 3943 t.
371 3918 404 3929 -
417 3906 448 3943 sa
465 3888 831 3957 constantiaqicdiatcribos]
869 3896 932 3949 ctas
951 3889 983 3938 ab
1003 3889 1099 3949 insuia,
1119 3895 1149 3939 ιιι
1169 3889 1293 3941 Heinsius
1313 3892 1346 3940 ιιι
1365 3891 1467 3941 ancoris
1496 3897 1523 3942 ιι

183 3984 275 4037 utpote
295 3978 342 4036 qui
361 3980 437 4023 antea
458 3971 526 4022 soliti
546 3981 635 4022 essent
652 3973 746 4035 singuli
761 3972 834 4020 dom·
851 3963 855 4004 t
871 3966 989 4019 Picheaa
1007 3981 1021 4018 ι
1041 3970 1108 4031 ripa.
1129 3967 1179 4019 flie
1198 3970 1307 4032 putabat
1325 3969 1482 4033 giadtstores
1495 3974 1523 4020 tn

185 4063 254 4107 taust
271 4068 333 4104 cunr
351 4053 460 4117 siugulis
478 4053 640 4115 depugnare.
664 4078 695 4089 -
723 4052 833 4102 ooinera
871 4051 927 4108 rips
946 4050 1050 4098 stetisse
1069 4056 1096 4098 et
1114 4052 1194 4106 terra,
1214 4061 1267 4098 non
1286 4050 1393 4099 humine
1412 4049 1521 4114 iugiter,

185 4130 352 4199 aianeoane]
380 4132 469 4184 «tiore
499 4132 549 4182 hoc
577 4133 692 4182 dictum:
727 4133 834 4194 proprie
871 4140 950 4178 naues
969 4134 1057 4178 autent
1076 4127 1110 4179 ab
1129 4130 1160 4178 iis
1179 4128 1304 4190 abruptas
1323 4138 1522 4193 temqurrnnon

188 4217 254 4264 icius
272 4221 299 4262 et
317 4213 371 4262 teta
389 4214 565 4276 diriguntur.»
591 4212 711 4262 lirrran.
738 4211 834 4261 Modus
871 4210 931 4257 usui
949 4207 1062 4269 arnptias
1080 4207 1129 4258 sibi
1150 4208 1267 4266 tutaret,
1292 4222 1325 4260 ne
1345 4209 1464 4260 hostibus
1484 4223 1523 4260 es-

187 4300 226 4345 est
243 4294 402 4356 virgilianus
422 4294 490 4342 hen.
511 4293 555 4347 ia.
580 4292 648 4341 tae:
676 4292 710 4341 Te
732 4302 834 4354 quoque
870 4295 939 4339 seut.
959 4287 1012 4338 Sed
1032 4288 1188 4351 giadiatores
1208 4288 1279 4338 baud
1299 4292 1396 4352 egressi
1410 4288 1522 4340 naribus

186 4373 372 4439 noenantnas
390 4371 524 4432 uiderant,
546 4372 654 4426 lemare.
674 4378 760 4434 pentes
777 4369 834 4419 l'oi·
871 4375 898 4418 et
917 4368 993 4417 mutii
1012 4370 1039 4417 tn
1057 4371 1114 4429 ipso
1133 4369 1242 4419 tlurnine
1263 4369 1386 4419 trucidati
1399 4367 1439 4430 (G.
1453 4367 1522 4431 ιι),

187 4468 250 4504 nera
266 4453 391 4515 diripere.
412 4452 499 4502 barn.
522 4477 549 4489 -
576 4448 659 4513 soros]
678 4449 767 4511 swas,
787 4449 834 4498 der
869 4451 1024 4509 superstites
1055 4455 1145 4499 autern
1177 4448 1301 4510 ingerunt
1336 4452 1362 4499 in
1394 4446 1521 4508 navibus,

188 4531 261 4597 Gan
285 4531 339 4594 orsi
360 4531 419 4580 dens
446 4530 558 4596 scripu
585 4532 624 4579 rie
649 4530 748 4595 siiegen
770 4528 833 4578 riter
869 4540 937 4590 quae
962 4533 1129 4590 supererant.
1157 4527 1225 4578 Rue.
1251 4528 1354 4586 Fertet,
1383 4526 1521 4587 Barnoui,

189 4613 259 4663 Bard
277 4613 421 4664 Gutrnann.
433 4636 464 4647 -
477 4614 506 4661 in
519 4612 601 4662 oeulis
614 4612 749 4671 utrimque
761 4621 833 4659 eser·
871 4606 1009 4656 Louandre
1029 4615 1165 4658 terrentes
1183 4608 1306 4669 abruptis
1325 4606 1472 4668 explicant,
1491 4615 1524 4657 ut

187 4691 267 4756 char]
295 4693 365 4744 «Par
382 4706 422 4743 ces
439 4700 508 4742 mois
525 4693 545 4742 tt
561 4693 622 4757 saut
639 4690 833 4742 eniendrsseu·
871 4687 1020 4739 Gronovius
1042 4687 1175 4750 abreptis,
1204 4689 1250 4739 sed
1275 4687 1430 4748 abrumpere
1452 4687 1522 4738 idern

187 4773 289 4832 hareni,
309 4773 372 4822 dun
389 4771 486 4823 cdie'ts
511 4784 588 4835 corps
615 4771 646 4821 de
669 4770 834 4834 qicdiotcars
870 4769 1016 4831 signiticsre
1036 4772 1140 4831 nequit.
1162 4769 1201 4818 ιι
1220 4767 1284 4831 {uite
1299 4768 1344 4816 des
1356 4768 1459 4817 naoires
1479 4767 1524 4831 qui

187 4853 273 4915 eanpe'
290 4865 337 4901 sar
354 4853 383 4901 la
399 4855 455 4903 riae
472 4853 556 4902 droise
575 4851 609 4899 da
622 4849 668 4911 Po,
690 4856 715 4899 et
726 4850 757 4900 de
770 4849 834 4899 iao·
869 4848 1028 4911 perstarent
1052 4846 1070 4898 ri
1094 4861 1121 4898 se
1138 4848 1254 4914 ddqoqer
1272 4849 1384 4897 termina
1408 4846 1430 4896 ιι
1455 4860 1524 4896 corn·

187 4940 227 4982 tre
243 4934 279 4983 tes
298 4939 407 4993 troopes
424 4930 565 4994 snrptope'er
591 4943 642 4991 par
666 4929 762 4981 Ce'cina
788 4941 835 4977 sar
871 4927 926 4977 bai.
942 4927 1089 4978 Louandre.
1107 4954 1134 4967 -
1151 4922 1312 4990 cohortibus]
1327 4928 1475 4984 praetoriis.
1490 4949 1521 4964 -

189 5013 214 5062 itt
231 5016 286 5063 riae
303 5009 438 5076 praeberi
461 5012 488 5060 ta
515 5011 690 5060 construction
715 5014 741 5060 et
767 5005 785 5056 ti
808 5008 834 5059 ia
870 5001 1339 5071 snttnonmonraieneniqnotun]
1361 5006 1522 5058 diversum·

188 5092 267 5157 gards
284 5092 321 5141 du
338 5096 413 5154 pont.
436 5089 486 5140 Cer
504 5090 539 5139 ies
556 5088 655 5138 centies
673 5089 836 5139 cites-menes
873 5086 1024 5148 vespasiani
1044 5086 1132 5144 intre,
1148 5086 1280 5149 praetecta
1294 5085 1378 5146 urbis,
1397 5088 1443 5149 qui
1459 5094 1522 5139 tuno

190 5171 283 5224 went
295 5170 365 5221 tune
377 5167 394 5219 ti
405 5169 528 5230 Bedrias,
540 5168 634 5222 iatine
645 5168 691 5228 (is
704 5163 835 5232 Vitellius)
872 5166 972 5220 Romae
990 5172 1057 5219 eret.
1076 5165 1130 5218 Cir.
1151 5166 1185 5217 et.
1205 5166 1231 5225 i,
1250 5163 1296 5216 tt.
