3725 5892
542 513 660 579 tura
681 512 737 577 111.
783 510 857 598 cap.
879 512 932 579 te.
956 512 1009 577 sa.
1032 512 1085 577 et.
1110 513 1163 578 tu.
1442 514 1501 576 iot

169 672 284 759 quippe
309 669 471 738 confitenti
501 671 749 761 consultantique
771 680 957 758 supererant
983 691 1055 758 spes
1085 671 1257 756 viresquer
1292 690 1364 736 cum
1389 691 1408 736 c
1430 691 1506 736 eon·

169 785 265 850 trario
286 783 367 851 laeta
389 784 493 851 omniu
514 783 667 869 tingeret,
701 783 787 851 ialsis
808 784 1054 870 ingravescebat
1089 784 1203 848 mirum
1232 781 1317 870 apud
1337 782 1440 868 ipsum
1463 786 1503 849 de

166 894 249 964 hello
270 899 450 978 silentium3
471 897 621 985 prohibiti
643 916 701 984 per
721 898 878 963 civitatem
899 916 1079 976 sermones,
1110 915 1212 983 eoque
1234 895 1359 980 plures,
1393 916 1446 972 ac,
1478 897 1505 963 si

165 1009 294 1087 decret.
318 1031 391 1076 rere
405 1009 579 1084 narraturi,
602 1009 676 1096 quia
690 1012 897 1086 vetabantur,
921 1008 1080 1075 atrociora
1094 1007 1305 1093 volgarerant.
1333 1030 1392 1076 uec
1407 1007 1504 1076 duces

166 1121 303 1188 hostium
326 1125 488 1207 augendae
516 1122 615 1188 lamae
645 1126 789 1198 deerant,
819 1130 927 1207 captos
948 1121 1064 1188 Vitellii
1086 1121 1305 1206 exploratores
1326 1125 1526 1191 circumduc

165 1244 318 1322 ctosqne,
341 1244 376 1302 ut
395 1234 512 1302 robora
532 1233 662 1301 victoris
682 1236 840 1301 exercitus
861 1245 1044 1308 noscerent,
1066 1235 1276 1316 remittendo;
1299 1257 1380 1324 qnos
1401 1240 1503 1304 omnis

165 1349 310 1416 Vitellius
332 1357 453 1415 secreto
473 1354 695 1433 percunctatus
715 1346 849 1413 interlici
870 1346 971 1414 iussit.
1005 1346 1135 1414 notabili
1162 1348 1335 1416 constantia
1362 1350 1505 1417 maturio

164 1461 263 1528 lulius
285 1464 441 1546 nigratis,
474 1470 547 1546 post
568 1461 683 1527 multos
704 1480 866 1526 sermones
888 1459 1003 1546 quihus
1026 1460 1184 1528 Vitellium
1206 1467 1246 1528 ad
1268 1465 1416 1529 virtutem
1438 1462 1505 1529 iru-

165 1585 230 1641 stra
251 1574 461 1651 accendebat,
495 1576 632 1662 perpulit
659 1582 694 1639 ut
722 1576 762 1639 ad
784 1575 867 1639 vires
888 1575 1027 1640 hostiurn
1049 1577 1234 1658 spectandae
1256 1596 1399 1665 quaeque
1419 1579 1504 1661 apud

166 1689 355 1754 Cremonam
382 1697 451 1753 acta
472 1688 577 1753 terent
597 1690 664 1773 ipse
685 1687 874 1752 mitteretur.
909 1707 968 1751 nec
997 1687 1215 1773 exploratione
1243 1692 1366 1755 occulta
1395 1688 1544 1755 fallerent

163 1800 335 1867 Antonium
357 1799 500 1877 tentavit,
529 1800 586 1864 sed
608 1801 750 1864 mandata
772 1802 971 1885 imperatoris
993 1821 1147 1886 suumque
1169 1800 1306 1867 animum
1329 1801 1503 1889 professus,

163 1924 199 1979 ut
219 1922 334 1980 cuncm
356 1915 494 1988 viseret,
517 1911 663 1999 postulat.
685 1909 771 1977 missi
793 1910 846 1997 qui
867 1913 973 1977 locum
996 1911 1129 1996 praelii,
1164 1914 1338 1981 Cremonae
1361 1915 1501 2001 vestigia,

164 2037 272 2114 captes
293 2026 433 2111 legiones
455 2027 667 2092 ostenderent.
698 2022 837 2109 Agrestis
858 2022 897 2089 ad
919 2024 1080 2091 Vitellium
1101 2025 1270 2101 remeavit.
1291 2025 1503 2115 abnuentique

164 2161 241 2205 rere
264 2160 333 2206 esse
347 2160 428 2227 quae
442 2137 596 2214 adferret,
619 2146 714 2222 atque
727 2139 809 2202 ultro
825 2145 1009 2221 corruptum
1023 2138 1183 2223 arguenti.
1209 2139 1502 2226 «quandoquidem»

164 2255 267 2340 inquit
289 2272 422 2338 «magno
443 2258 631 2319 documento
652 2270 732 2337 opus
754 2259 815 2325 cst,
838 2270 897 2315 nec
917 2250 998 2316 alius
1011 2252 1074 2315 iam
1089 2251 1147 2316 tibi
1163 2260 1217 2317 aut
1230 2251 1311 2319 ritae
1326 2263 1380 2320 aut
1393 2255 1543 2322 mortisue

163 2387 256 2431 meae
277 2387 370 2441 usus,
397 2362 478 2431 daho
500 2365 551 2430 cni
573 2361 714 2429 credas.»
738 2370 832 2448 atque
852 2362 897 2428 ita
917 2365 1078 2447 digressus
1098 2365 1275 2431 voluntaria
1296 2376 1399 2433 mone
1421 2368 1505 2434 dicta

164 2476 314 2544 firmarit
348 2475 474 2565 quidam
495 2478 582 2542 insen
604 2473 720 2540 Vitellii
741 2474 957 2551 interfectum,
992 2473 1114 2542 deiide
1136 2477 1372 2564 constantiaque
1392 2478 1503 2547 eadem

164 2590 334 2657 tradidere.
378 2589 438 2674 (55)
460 2588 621 2665 Vitellius,
643 2597 678 2654 ut
691 2607 710 2652 e
724 2608 835 2654 somno
851 2587 989 2664 excitus,
1013 2588 1126 2655 lulium
1142 2590 1281 2657 Priscum
1303 2601 1335 2658 ei
1348 2593 1505 2659 Alieniam

165 2708 284 2770 Varum
305 2722 375 2769 cum
397 2700 645 2789 quattuordecim
666 2699 834 2787 praetoriis
856 2699 1039 2767 cohortibus
1060 2711 1092 2767 et
1114 2702 1260 2771 omnihus
1282 2708 1423 2791 equitum
1446 2706 1505 2772 alis

165 2816 313 2882 obsidere
335 2818 531 2902 Apenninum
552 2811 650 2880 iubet
672 2821 779 2878 secuta
801 2834 819 2879 e
840 2813 978 2880 classicis
1000 2813 1094 2899 legio.
1125 2823 1171 2881 tot
1192 2816 1278 2882 milia
1298 2827 1541 2896 armatorum,so

165 2930 248 2994 lecta
271 2930 359 3016 cquis
380 2927 536 3014 virisque,
571 2929 598 2992 si
627 2929 691 2993 dur
721 2926 800 2992 alius
831 2925 934 3004 foret,
968 2925 1132 2993 inferendo
1161 2949 1287 3017 quoqne
1318 2929 1401 2997 hello
1430 2934 1503 2998 satis

166 3038 337 3128 pollebunt.
371 3049 495 3105 ceterae
522 3037 669 3105 cohortes
697 3037 736 3104 ad
765 3042 913 3105 tuendam
942 3037 1052 3105 urhem
1074 3043 1111 3107 L.
1131 3042 1258 3109 Vitellio
1280 3041 1369 3110 tratri
1399 3043 1500 3111 datae.

166 3156 235 3238 ipse
249 3152 328 3218 nihil
343 3173 361 3218 e
374 3153 468 3218 solito
482 3151 558 3217 luxu
573 3152 750 3226 remittens,
773 3159 805 3216 ei
819 3149 990 3217 diffidentia
1003 3172 1174 3238 properus,
1197 3156 1345 3224 festinare
1360 3159 1498 3236 comitia,

165 3270 284 3353 quihus
305 3267 450 3333 consules
471 3264 504 3329 in
526 3266 640 3331 multos
661 3284 758 3329 annos
779 3261 973 3343 destinabat3
1006 3263 1136 3332 locdcra
1158 3268 1271 3351 sociis,
1303 3273 1425 3339 Latium
1447 3294 1503 3338 er-

166 3381 265 3446 ternis
285 3377 446 3463 dilargiri3
480 3377 529 3443 his
550 3379 665 3444 trihuia
686 3376 866 3454 dimittere,
890 3376 969 3443 alins
991 3379 1237 3449 immunitatibus
1258 3384 1385 3466 iuvare;
1415 3385 1540 3452 deni-ss

167 3513 229 3578 que
251 3493 337 3559 nulla
356 3492 389 3557 iu
410 3499 571 3577 posterum
593 3511 669 3556 cura
688 3488 827 3555 lacerare
848 3489 1028 3577 imperium.
1063 3491 1120 3559 sed
1148 3494 1259 3578 volgus
1288 3495 1328 3563 ad
1348 3498 1502 3583 magnitu-

236 3694 263 3745 ί.
283 3700 347 3757 opos
365 3694 403 3745 Μ.
423 3719 451 3732 -
472 3694 498 3745 l.
518 3694 591 3759 cuiq.
612 3690 649 3747 ti.
672 3721 699 3733 -
721 3693 747 3744 d.
767 3696 850 3744 omnis
867 3693 913 3744 ii:
934 3706 1020 3744 omnes
1038 3693 1070 3744 ti.
1090 3718 1120 3731 -
1140 3695 1167 3746 it.
1187 3703 1254 3759 aput
1270 3697 1307 3749 Μ.
1322 3723 1354 3734 -
1375 3700 1417 3749 ti.
1436 3704 1502 3749 teot-

166 3768 251 3829 piens‘t
265 3766 302 3816 ii.
318 3788 346 3801 -
366 3767 410 3818 izi.
429 3766 559 3830 adpreatis
571 3765 607 3815 Μ.
623 3791 655 3800 -
675 3764 718 3815 id.
737 3763 793 3829 dds.
809 3763 856 3815 ii:
875 3760 920 3827 cil.
935 3763 966 3814 tt.
981 3789 1014 3800 -
1034 3765 1363 3830 seditiosissimorum
1383 3767 1502 3830 dilectoris

167 3837 194 3887 ii
215 3839 245 3885 ii.
264 3836 317 3887 (iis.
332 3835 363 3887 c.
376 3837 419 3886 ³6.
442 3858 468 3871 -
489 3837 532 3887 Μ).
551 3849 613 3899 opp.
633 3836 670 3886 tt.
690 3860 719 3874 ·—
741 3843 843 3886 secutos
860 3835 976 3885 etussiets
996 3835 1031 3886 Μ.
1054 3859 1082 3871 -
1112 3839 1156 3887 Μ.
1176 3838 1257 3888 tectos
1274 3843 1331 3901 quis
1349 3839 1387 3889 it.
1405 3863 1437 3876 ·-
1455 3839 1500 3891 ie.

168 3908 199 3958 i..
219 3908 265 3959 iis
293 3907 374 3956 Lucio
394 3907 424 3956 li.
447 3930 475 3943 -
505 3905 548 3956 Μ.
568 3906 648 3956 nichil
664 3905 703 3959 Μ.
724 3929 756 3942 -
786 3906 831 3956 et.
849 3903 958 3968 fudero
975 3903 1066 3956 11.-
1093 3907 1136 3958 tt.
1156 3909 1239 3958 ternis
1257 3910 1294 3959 Μ.
1327 3909 1501 3961 {insudatum

169 3980 195 4028 tn
213 3981 308 4031 esteris
327 3976 411 4028 Codd.
431 3983 458 4029 et
474 3990 490 4029 a
508 3977 663 4029 Puteolano.

170 4153 221 4193 asa
238 4140 323 4193 setun
340 4153 369 4192 se
388 4142 553 4203 imperatoris
568 4141 696 4192 mandatis
711 4151 813 4202 parere,
852 4136 934 4190 tiebat
952 4137 1081 4199 viteittns.
1102 4146 1158 4191 tum
1172 4144 1250 4192 etiam
1267 4143 1370 4208 longius
1383 4157 1502 4208 progres-

169 4223 214 4272 aed
233 4224 419 4283 semetipsum
439 4234 539 4285 cupere
557 4222 644 4272 locum
663 4221 755 4303 propiii
777 4224 815 4272 si·
851 4232 914 4279 sus,
939 4232 1017 4281 quam
1038 4223 1137 4281 priores
1162 4223 1304 4283 principes.
1326 4248 1355 4260 -
1377 4224 1498 4277 ιιιιίιιιιι.

170 4313 227 4352 sese
244 4301 381 4366 significat.
851 4302 892 4349 ius
910 4299 994 4359 hatti,
1014 4299 1191 4351 Latinitatem.
1227 4301 1293 4353 Vide
1310 4302 1344 4352 ad
1364 4304 1435 4354 Anu.
1455 4305 1499 4362 ie,

202 4381 246 4432 te.
273 4381 370 4430 istim
396 4372 469 4440 cet]
500 4378 645 4440 praefectos
670 4381 812 4440 praetorio.
851 4378 895 4429 iu.
910 4402 944 4415 -
966 4377 1106 4443 dimittere]
1127 4383 1324 4445 inperpetuum
1338 4384 1500 4435 eostrihutis

170 4459 197 4517 ἱ.
215 4459 259 4510 ii.
278 4460 304 4514 8.
324 4459 369 4510 36.
386 4483 415 4496 -
436 4472 449 4509 e
465 4459 581 4509 dardeis
597 4455 675 4524 lepte]
696 4458 747 4510 ilie
760 4462 813 4521 pri·
851 4459 980 4510 liberabat
992 4461 1079 4511 edicto
1096 4473 1162 4510 suo:
1181 4463 1314 4513 remittere
1334 4462 1402 4513 iores
1421 4476 1500 4513 unam

171 4553 240 4590 musa
259 4546 401 4591 taernoraia
430 4551 517 4602 neque
536 4536 722 4590 contundenda
749 4551 809 4590 cum
850 4541 991 4591 aiteramss
1011 4544 1164 4601 pensionem
1183 4545 1214 4592 iis
1233 4547 1267 4592 ita
1286 4546 1453 4602 condonare,
1472 4550 1502 4594 ut

172 4622 251 4679 prima
271 4621 399 4671 adiutrice
418 4618 606 4678 ciassieorurn3
633 4622 729 4669 etenirn
751 4625 815 4668 tunc
852 4628 940 4672 tamen
979 4621 1108 4670 tributarii
1144 4629 1290 4673 manerent.
1318 4648 1349 4661 —
1382 4624 1502 4674 lacerare

172 4700 288 4759 ipsum
310 4700 415 4752 Vitelito
440 4702 587 4761 conscripta
616 4713 631 4751 e
658 4698 739 4748 classe
764 4698 814 4748 iii·
850 4695 998 4762 imperium]
1013 4700 1145 4763 eleganter
1158 4701 1292 4760 dicuntur.
1306 4706 1352 4766 qui
1366 4707 1422 4754 eins
1436 4716 1500 4766 opes

172 4784 282 4839 seaensi.
302 4788 444 4843 antequam
464 4780 528 4830 itaer
546 4790 655 4841 quoque
678 4778 812 4829 deiiceret.
851 4780 995 4842 dissipant.
1022 4787 1051 4829 ut
1068 4781 1187 4832 moerore
1205 4782 1239 4834 de
1265 4783 1435 4844 dissipatione
1463 4787 1501 4837 rei

172 4854 210 4920 (C-
228 4858 302 4922 sti:
331 4872 345 4910 e
368 4859 483 4909 classicis
509 4862 580 4910 enirn
598 4857 813 4917 memoritur,
852 4860 986 4911 iamiiiaris
1000 4865 1029 4909 et
1042 4862 1171 4920 pecuniae
1189 4861 1244 4913 Cic.
1259 4864 1351 4925 Quint·
1366 4863 1408 4914 ie.
1424 4863 1499 4915 vers.

173 4940 217 4999 qut
234 4939 417 4997 desciuerant,
436 4938 612 5003 upwours'ont
628 4936 751 4988 militiam
767 4951 815 5000 po·
851 4941 878 5000 s,
896 4941 954 4999 io..
974 4937 1020 4989 uhi
1048 4939 1166 4991 lacerato
1187 4943 1314 5005 pectinis,
1342 4945 1418 4993 euius
1442 4957 1501 5005 pars

172 5019 306 5077 miles,
325 5020 438 5081 optimus
455 5019 560 5082 quisqu
577 5015 816 5068 umectatiasta·
851 5032 943 5071 areraa
969 5024 1017 5070 est.
1047 5018 1118 5071 ilar.
1163 5020 1216 5071 Cir.
1244 5021 1306 5071 alias
1334 5023 1501 5083 metaphoras

173 5101 220 5149 ais.
237 5097 267 5150 C.
285 5099 330 5149 50.
352 5123 381 5136 -
401 5094 508 5158 loedere
525 5093 621 5159 scetis]
641 5098 737 5160 quihus
760 5096 815 5149 iee-
852 5099 923 5150 haud
955 5098 1096 5149 dissimiles
1123 5112 1165 5151 ss.
1194 5099 1344 5162 dilapidare
1368 5107 1395 5152 et
1418 5103 1501 5154 unci·

174 5176 276 5230 semus
293 5188 376 5231 aoras
393 5177 495 5242 aliquot
510 5177 691 5228 immunitates
713 5180 815 5241 trspsr·
851 5192 927 5231 esre.
948 5177 1045 5229 catull.
1063 5177 1108 5238 29,
1125 5179 1178 5231 tis
1202 5178 1320 5231 Pusam
1335 5182 1425 5245 priato
1442 5181 1501 5233 isa-
