3725 5892
448 481 638 549 CORNELII
660 480 793 549 ttulit
813 480 1027 547 utuoutts.
1050 476 1255 545 EXCURSUS
1277 479 1304 545 1.
1491 471 1553 545 583

642 781 847 850 EXCURSUS
869 787 894 850 1.
917 786 970 849 ΑΙ)
993 783 1079 851 cat.
1102 783 1129 847 1.

290 926 391 985 Paucis
411 924 604 984 tautummodo
625 926 740 996 tangam
759 925 806 983 bic
824 927 951 983 veterem
971 924 1051 981 iliam
1070 923 1315 992 controversiam,
1337 924 1431 979 utrum
1454 922 1552 979 Tacito

217 1012 384 1072 tribuendus
421 1013 459 1068 sit
485 1010 622 1080 Dialogus
651 1012 688 1067 de
717 1012 898 1082 oratoribus,
932 1026 969 1066 an
1005 1009 1222 1071 abiudicandus.
1281 1007 1404 1065 Grarem
1437 1008 1553 1080 quidem

215 1100 355 1172 posterior
374 1096 445 1155 baec
464 1098 606 1154 sententia
633 1097 772 1154 fautorem
797 1102 879 1154 nacta
899 1098 944 1153 est
962 1096 1158 1153 Eicbstadium
1184 1095 1215 1152 in
1234 1096 1440 1164 Quaestionum
1462 1094 1554 1166 pbilo-

215 1186 372 1255 iogicarum
401 1184 559 1256 specimina
588 1186 670 1240 sexto
700 1183 737 1238 de
769 1183 887 1255 Diaiogo
917 1182 966 1253 qui
995 1182 1163 1239 inscribitur
1190 1181 1226 1238 de
1254 1181 1425 1237 oratoribus.
1466 1180 1554 1238 ienae

214 1272 255 1329 tt.
276 1269 385 1328 DCCC.
407 1268 567 1339 xxlttx.,
588 1268 669 1325 cuius
689 1270 776 1326 tinem
795 1270 843 1327 hic
863 1268 1051 1326 exhibemus:

291 1356 313 1412 l.
336 1356 545 1426 «Dignissimus
565 1360 610 1412 cst
628 1355 766 1427 Dialogus
785 1356 836 1411 iilo
854 1354 1046 1412 Romanarum
1066 1353 1225 1411 litterarum
1246 1369 1335 1424 aero,
1357 1354 1432 1426 qood
1452 1367 1555 1422 argen-

216 1444 293 1497 teum
319 1442 393 1497 solet
419 1440 577 1514 appellari:
611 1442 683 1498 vixit
708 1441 832 1513 scriptor
851 1442 981 1515 aequalis
1001 1440 1099 1497 Tacito
1119 1444 1148 1497 et
1166 1439 1280 1510 Plinio,
1312 1455 1517 1513 sermonesque
1538 1453 1554 1494 a

215 1525 378 1599 principatu
402 1525 576 1597 Vespasiani
608 1529 707 1596 sexto,
741 1528 788 1598 qui
819 1542 912 1583 annus
942 1527 978 1584 ab
1004 1542 1090 1583 aerae
1116 1526 1298 1584 Christianae
1326 1524 1555 1597 septuagesimos

218 1609 351 1681 quintus,
371 1610 484 1668 habitos
507 1616 536 1668 et
556 1612 593 1668 ab
613 1612 676 1683 ipso
696 1611 850 1670 admodum
871 1615 976 1669 iuvene
997 1613 1109 1668 auditos
1128 1611 1283 1669 Domitiani
1302 1615 1430 1682 tempore
1450 1609 1554 1666 titteris

218 1697 376 1754 mandarit.
426 1698 524 1755 Utrum
555 1698 655 1753 eodem
683 1702 832 1770 tempore,
866 1698 1054 1772 scriptoribus
1096 1714 1167 1755 sane
1206 1697 1384 1771 periculoso,
1429 1711 1467 1751 au
1502 1694 1554 1751 sub

215 1780 327 1838 Nersae
349 1784 463 1839 demum
483 1788 511 1839 et
531 1782 647 1840 traiani
668 1788 797 1857 tempore
817 1785 847 1841 in
867 1786 960 1841 iucem
979 1784 1135 1854 prodierit,
1158 1782 1279 1838 dubitari
1300 1783 1403 1854 potest.

290 1866 328 1923 ii.
349 1867 429 1926 Rene
449 1873 581 1927 versatus
600 1869 652 1925 luit
671 1872 701 1927 in
728 1870 860 1939 legendis
885 1869 1054 1939 Ciceronis,
1084 1868 1272 1938 Quintiliani,
1304 1868 1396 1924 Taciti
1422 1869 1451 1924 et
1469 1867 1555 1923 Plinii

215 1953 336 2011 iunioris
355 1954 490 2028 scriptis;
523 1956 630 2011 multae
650 1957 702 2013 luit
720 1956 806 2014 homo
827 1955 959 2013 iectionis
980 1962 1066 2030 atque
1093 1956 1279 2019 eruditionis;
1313 1954 1399 2010 etiam
1424 1953 1556 2009 acumine

215 2041 306 2097 valuit
335 2043 364 2097 et
389 2040 487 2097 iudicii
516 2042 671 2111 elegantia.
722 2042 785 2099 Nou
817 2056 928 2114 pauca,
963 2057 1037 2113 quae
1069 2042 1105 2096 ad
1134 2040 1371 2113 compositionem
1402 2042 1431 2095 et
1466 2041 1556 2093 artem

216 2125 323 2195 dialogi
343 2127 507 2197 pertinent,
538 2133 566 2184 ct
592 2143 665 2199 qnae
692 2129 728 2184 de
757 2128 923 2199 eloquentia
950 2128 980 2185 io
1006 2127 1170 2184 uniuersum
1190 2126 1342 2194 disseruit,
1376 2122 1556 2181 aCicerone

216 2211 354 2282 sumpsit:
388 2212 516 2269 ciusdem
544 2212 675 2270 ornatum
703 2215 847 2270 affectavit
875 2218 962 2288 atque
981 2211 1093 2286 copiam
1113 2213 1249 2281 dicendi,
1281 2212 1413 2279 sedita,
1449 2213 1555 2265 utnon

216 2310 282 2351 raro
306 2294 336 2351 in
365 2296 463 2354 titium
493 2300 665 2369 tautologiae
692 2299 854 2362 laberetur,
889 2303 918 2355 et
947 2299 1127 2354 abundanter
1155 2298 1246 2367 magis
1276 2312 1360 2371 quam
1387 2298 1502 2370 copiose
1528 2298 1558 2350 et

217 2384 316 2437 ornate
334 2384 490 2440 scriberett
511 2386 541 2440 ln
562 2385 696 2441 uniuerso
715 2385 862 2442 scribendi
883 2398 989 2454 genere
1009 2384 1237 2452 Quintilianum,
1269 2383 1300 2438 in
1320 2380 1434 2439 delectu
1455 2387 1484 2437 et
1504 2397 1556 2437 usu

217 2467 394 2539 singulorum
420 2470 573 2527 uerborum
599 2476 807 2543 saepenumero
834 2470 965 2526 Tacitum
993 2472 1125 2538 seculus,
1155 2469 1206 2524 sed
1233 2483 1327 2541 neque
1354 2467 1431 2524 illius
1451 2467 1508 2523 vim
1528 2469 1557 2521 et

218 2570 322 2611 uersos
342 2555 372 2611 iu
392 2554 562 2628 disputando
582 2560 611 2613 et
629 2557 848 2625 concludendo,
869 2569 965 2628 neque
985 2554 1069 2612 buius
1088 2555 1119 2611 in
1139 2555 1261 2611 dicendo
1281 2550 1393 2630 σεμνὸν
1407 2558 1556 2609 assecutus

218 2643 278 2695 est:
300 2645 425 2697 celerum
447 2643 503 2697 tota
524 2642 610 2698 dictio
631 2642 766 2699 conuenit
784 2642 847 2709 ilii,
868 2655 955 2713 quant
974 2640 1115 2711 diximus,
1136 2640 1241 2711 aetati,
1263 2655 1317 2711 quo
1331 2639 1378 2708 iit,
1400 2642 1431 2695 ut
1449 2640 1556 2694 multae

218 2724 359 2782 dictiones
379 2728 465 2783 etiam
484 2726 622 2784 Plinianis
641 2728 806 2785 simillimae
825 2727 893 2784 sint.

292 2811 345 2869 itt.
367 2813 505 2881 Quisnam
532 2830 599 2870 vero
625 2829 662 2870 ex
689 2815 739 2870 iila
769 2817 862 2870 aetate
892 2812 1097 2885 conscripserit
1114 2814 1283 2884 Dialogues,
1315 2812 1365 2868 vix
1389 2810 1495 2883 poterit
1519 2807 1555 2865 ad

218 2898 358 2971 liquidnm
386 2898 513 2971 perduci.
562 2899 605 2956 lle
633 2896 812 2968 Quintiliano
836 2914 874 2955 na
903 2914 960 2972 qua
987 2898 1016 2956 iu
1045 2903 1193 2973 posterum
1219 2898 1343 2970 suspicio
1372 2900 1556 2963 renascatur,

220 2986 297 3041 cauit
317 2986 459 3042 subtilitas
479 2985 639 3057 Spaldiugii
667 2982 797 3058 (Quintil.
818 2983 857 3042 ll.
878 3001 907 3057 p.
928 2982 996 3041 est.
1016 2983 1129 3058 seqql:
1162 2985 1277 3041 Tacitus
1304 2997 1450 3055 nunquam
1476 2980 1558 3036 vidc-

220 3075 265 3127 tur
283 3070 468 3143 scriptionem
489 3075 634 3143 totamque
654 3068 820 3143 disputandi
840 3072 981 3127 rationem
1008 3086 1060 3143 pro
1084 3087 1137 3127 sua
1155 3070 1303 3141 agniturus
1322 3069 1430 3125 luisse:
1463 3066 1555 3123 Plinio

219 3155 323 3211 iuniori
344 3157 392 3227 qui
411 3156 542 3212 libellum
561 3156 709 3226 tribuunt,
740 3171 884 3228 perpauca
909 3158 1092 3227 protulerunt
1112 3172 1165 3212 nec
1185 3157 1256 3212 eatis
1274 3155 1379 3211 idonea
1398 3154 1558 3208 sententiae

220 3255 290 3297 suae
310 3245 488 3310 argumenta.
530 3240 625 3299 Ceteri
645 3243 842 3312 coniectores,
876 3243 940 3300 Itali
961 3245 1078 3317 quidem
1098 3245 1126 3298 el
1144 3241 1239 3310 Calli,
1273 3241 1341 3312 quid
1368 3238 1557 3304 somniarint,

221 3327 311 3383 satius
330 3331 374 3381 est
393 3325 508 3383 silentio
528 3329 785 3399 praetermittere.»

297 3409 476 3469 Gutmannus
495 3418 592 3469 autem
611 3429 693 3470 meus
712 3414 741 3470 iu
762 3414 854 3470 Taciti
874 3412 1132 3486 interpretatione,
1153 3428 1251 3469 rursus
1271 3412 1444 3481 emendata,
1472 3411 1558 3466 immo

221 3498 316 3570 potius
329 3499 424 3555 denno
439 3498 602 3568 elaborata,
625 3514 698 3571 quae
713 3512 769 3554 una
783 3516 847 3555 cum
866 3504 963 3556 nostra
976 3500 1109 3557 Editione
1128 3499 1252 3570 prodiit,
1274 3498 1356 3555 novis
1376 3498 1462 3555 etiam
1475 3512 1558 3565 argu·

221 3585 326 3643 mentis
337 3600 417 3641 suam
431 3586 603 3641 sententiam
619 3585 758 3655 delendit,
772 3585 872 3642 Tacito
885 3585 1036 3655 ittatogom
1051 3585 1167 3641 omniuo
1182 3584 1267 3641 tribui
1281 3600 1339 3640 nou
1351 3599 1448 3656 posse.
1470 3581 1558 3654 Equi-

222 3672 287 3727 dem
307 3686 360 3740 ego
389 3670 553 3726 etiamnunc
574 3670 711 3728 Codicum
731 3672 793 3728 sive
813 3671 904 3728 mavis
925 3672 1010 3727 unios
1030 3672 1107 3727 illios
1127 3671 1262 3738 Codicis,
1293 3684 1330 3727 ex
1350 3686 1406 3742 quo
1426 3668 1556 3741 primitus

222 3757 300 3813 ducti
325 3760 407 3818 sunt,
439 3756 487 3827 qui
513 3771 591 3812 nuno
618 3760 751 3826 exstant,
779 3756 974 3812 testimonium
1000 3757 1155 3831 tranquille
1175 3772 1291 3829 sequor.
1331 3756 1429 3827 Atque
1448 3754 1557 3823 gaudeo

222 3843 365 3914 prolecto,
380 3842 533 3914 iudicium,
549 3845 624 3913 qnod
637 3848 705 3899 aute
718 3843 771 3899 bos
786 3841 877 3898 xvtt.
892 3856 985 3898 anuos
998 3844 1123 3899 lecerunt
1135 3843 1165 3899 in
1179 3843 1274 3914 priore
1293 3856 1358 3897 mea
1374 3840 1507 3897 Editione
1523 3838 1556 3912 ⁶),

222 3929 279 3984 iam
298 3926 512 3999 comprobatum
531 3942 596 3983 esee
617 3942 633 3982 a
652 3928 854 3984 Doederleioio
873 3942 958 3983 meo:

299 4011 438 4068 «Gravior
466 4012 551 4068 etiam
579 4012 716 4068 dubitatio
742 4013 859 4069 suborta
882 4017 937 4068 cst.
976 4012 1043 4083 ipsa
1070 4012 1146 4068 cuim
1173 4010 1259 4067 dictio
1285 4010 1359 4066 adeo
1378 4009 1556 4080 discrepata

223 4096 343 4168 reliquis
362 4097 492 4169 scriptis,
528 4100 559 4154 ut
586 4099 661 4154 bona
686 4114 754 4170 pars
773 4097 922 4153 bominum
942 4098 1091 4154 doctorum
1111 4098 1187 4153 idem
1206 4096 1353 4166 ingenium
1373 4100 1430 4151 tam
1450 4094 1557 4165 dispari

223 4182 351 4239 oratioue
382 4182 423 4238 nli
449 4184 576 4254 potuisse
601 4188 762 4256 pernegant
787 4188 994 4256 proptereaque
1020 4183 1095 4239 bunc
1120 4182 1250 4238 iibeituru
1276 4184 1383 4239 auctori
1401 4181 1556 4238 Annalium

224 4274 253 4326 et
281 4267 471 4324 Historiarum
500 4283 615 4339 prorsus
645 4270 819 4326 abiudicenl.
871 4268 942 4326 biibi
969 4272 1070 4324 contra
1097 4270 1220 4324 ridetur.
1271 4269 1365 4324 Atiam
1398 4268 1556 4323 orationem

224 4353 313 4423 exigit
332 4354 459 4409 narratio
477 4369 590 4422 rerum,
612 4354 698 4410 aliam
713 4355 882 4427 disceptatio
902 4354 1078 4425 quaestionis
1095 4355 1227 4411 alicuius.
1267 4353 1340 4410 Itoni
1354 4352 1501 4423 scriptoris
1514 4354 1560 4407 est

224 4442 375 4512 utrumque
394 4454 484 4509 genus
503 4440 649 4495 intellectu
668 4440 860 4509 distinguere,
892 4441 1030 4496 atterutro
1056 4440 1116 4509 uti,
1149 4439 1318 4495 excelientis
1337 4452 1424 4507 uero,
1457 4452 1556 4508 parem

225 4539 290 4580 esec
317 4522 348 4579 iu
375 4525 522 4595 utriusqus
547 4524 683 4580 orationis
710 4525 855 4582 tacuitata.
894 4526 982 4598 Atqui
1002 4540 1055 4594 ego
1076 4525 1205 4581 Tacitum
1230 4525 1421 4581 excellentem
1441 4522 1557 4578 dicendi

225 4609 361 4665 artiiicem
381 4609 531 4679 existimo,
563 4615 619 4667 taur
639 4611 666 4665 vi
685 4614 805 4667 naturae
824 4625 910 4684 quam
929 4616 990 4667 arte
1009 4612 1206 4684 doctrinaque.
1246 4609 1320 4678 Quid
1339 4609 1442 4665 mirum
1471 4610 1556 4679 igitur

225 4694 250 4750 si
268 4693 298 4749 in
316 4694 509 4752 dissimillimo
527 4709 634 4766 genere
651 4696 768 4753 dicendi
785 4696 841 4755 sibi
859 4696 914 4771 ipsi
934 4696 1142 4755 dissimillimus
1155 4695 1229 4753 tuiti
1248 4697 1286 4752 Et
1305 4710 1445 4766 agnoscas
1459 4698 1555 4751 umen

294 4943 316 5008 ·)
347 4942 402 4996 sile
428 4945 455 4994 in
481 4943 622 4996 Latinitate
650 4944 756 5008 quidem
783 4943 862 4995 butue
888 4944 989 5007 lllelogt
1018 4946 1170 5008 posterioris
1197 4944 1289 4993 aetatis
1313 4943 1422 5006 teetlgta
1450 4947 1555 5005 reperto

227 5029 315 5079 neque
343 5018 369 5065 te
394 5026 490 5078 genere
516 5013 621 5066 dicendi
649 5017 727 5068 utlern
746 5016 824 5067 alteru
843 5017 1046 5080 discrepantiam
1065 5027 1079 5064 a
1098 5015 1183 5066 Taciti
1203 5014 1262 5064 rttto
1281 5021 1361 5075 atque
1380 5025 1453 5067 eam,
1486 5028 1554 5077 quse

226 5090 373 5140 neeerterto
403 5086 565 5137 transdere
592 5086 672 5137 debet
699 5090 767 5137 tuter
793 5091 917 5148 scriptum
945 5088 1102 5139 rbetortennt
1128 5090 1155 5137 et
1180 5086 1333 5135 bisterton.»
1377 5083 1554 5145 (bttlnttatem

227 5160 305 5212 butue
325 5155 425 5223 bttlogt
446 5159 574 5222 imprimit
589 5157 709 5211 detrudit
726 5156 880 5222 Wopkens,
901 5170 980 5223 quern
999 5159 1116 5221 eteerpel
1134 5160 1161 5207 lo
1181 5156 1303 5208 ltdttioue
1320 5166 1379 5208 ntea
1398 5154 1507 5221 priore.)
