3725 5892
493 464 613 531 LIBER
633 469 673 532 V.
717 466 921 534 EXCURSUS
943 468 996 532 lu
1019 468 1054 531 C.
1079 469 1110 532 3.
1134 467 1164 534 λ.
1186 470 1218 533 5.
1467 469 1528 535 317

190 623 368 696 repetenda,
396 637 471 698 quae
489 639 560 682 mox
578 623 612 683 c.
632 625 662 684 l.
684 626 720 683 de
740 628 814 686 αἰῶ
833 630 911 687 cultu
939 630 1015 703 apud
1035 629 1156 686 Iudaeus
1177 628 1337 686 traduntur.
1377 629 1470 699 Quem
1491 630 1528 690 ari

191 723 252 767 rem
272 708 324 765 eir.
345 708 490 767 Diodorus
515 711 629 780 Fragm.
649 711 683 768 l..
702 710 755 769 el:
790 711 941 791 Ἀντίοχος
966 711 1165 788 ὁἘπιφανης
1183 746 1199 759 -
1219 748 1236 761 -
1253 715 1395 789 εἰσῆλθεν
1414 721 1457 780 εἰς
1476 710 1530 773 τὸν

191 789 305 852 ἄδυτον
324 795 381 852 τού
393 797 470 854 θεοῦ
486 793 585 867 σηκόν
598 830 616 842 -
628 816 663 842 -·
683 798 779 877 εύρῶν
798 796 829 856 δὲ
851 798 883 856 έν
904 797 989 871 αὐτῷ
1006 798 1128 858 λίθινον
1148 793 1275 876 ἄγαλμα
1293 795 1405 875 ἀνδρὸς
1422 802 1529 880 βαθυ-

191 883 335 957 πῶγωνος
352 878 535 959 καθήμενον
553 881 597 938 ἐπ’
618 877 691 940 ὄνου
708 880 789 961 μετὰ
806 884 915 961 χεῖρας
937 878 1016 959 ἔχων
1036 882 1182 962 βιβλίον,
1212 885 1379 960 τοῦτομὲν
1401 882 1531 953 ὑπέλαβε

192 961 347 1028 Μωυσέως
368 960 448 1023 εἶναι
468 967 522 1023 τοῦ
540 965 703 1033 κτίσαντος
719 963 760 1027 τὰ
775 967 971 1046 Ἰεροσόλυμα
982 965 1036 1026 καὶ
1049 967 1285 1047 συστησαμένου
1300 965 1335 1027 τὸ
1348 964 1449 1034 ἐ’θνος.
1487 971 1530 1029 Ex

192 1049 296 1125 quibua
316 1051 411 1119 petet,
432 1049 509 1107 unde
528 1053 559 1108 et
577 1051 692 1124 quando
712 1051 784 1111 baec
804 1054 900 1111 tabula
919 1057 982 1110 urta
1001 1054 1048 1110 eil.
1089 1052 1229 1126 lueepbue
1248 1071 1275 1110 r.
1289 1053 1326 1111 Α.
1340 1052 1375 1118 1,
1390 1054 1418 1111 7.
1458 1054 1529 1111 Ter·

193 1136 332 1194 tullianua
352 1134 475 1206 apolog.
498 1135 544 1193 16.
573 1136 713 1195 Nimirum
733 1140 827 1195 cultue
846 1137 996 1210 Typhonis
1016 1138 1170 1195 translatus
1193 1141 1240 1196 eat
1264 1152 1282 1194 a
1302 1139 1400 1197 neeeiu
1419 1154 1476 1214 quo
1494 1140 1531 1196 all

191 1221 327 1280 Iudaeae.
345 1219 421 1278 Plut.
441 1221 478 1277 du
497 1220 537 1278 le.
558 1225 588 1278 et
605 1219 657 1279 Oa.
678 1222 735 1280 302
768 1220 824 1297 τὴν
847 1226 902 1280 τοῦ
922 1224 1068 1295 Τυφῶνος
1089 1221 1317 1301 ἠμαυρωμένην
1342 1219 1397 1282 καὶ
1423 1242 1531 1282 συντε-

192 1302 364 1385 τριμμένην
382 1301 536 1383 δύναμιν,
554 1301 599 1363 ἐ’τι
618 1304 648 1365 δὲ
668 1305 723 1366 καὶ
744 1307 1009 1384 ψυχορραγοῦσαν
1032 1303 1274 1378 σφαδάζουσαν,
1296 1304 1380 1366 έστιν
1399 1301 1451 1373 αῖς
1468 1328 1531 1365 πα-

194 1391 362 1470 ρηγορούσι
373 1389 501 1456 θυσίαις
513 1387 568 1448 καλ
585 1391 797 1470 πραΰνουσιν·
817 1390 923 1450 ἔστιδ’
945 1387 994 1449 ὅτε
1013 1394 1104 1460 πάλιν
1124 1392 1334 1451 ἐκταπεινοῦσι
1354 1389 1409 1451 καὶ
1425 1395 1531 1452 καθυ-

192 1473 352 1556 βρίζουσιν
371 1469 404 1533 ’έν
422 1493 502 1534 τισιν
513 1472 634 1554 ἑορταῖς
647 1509 666 1520 -
679 1512 696 1523 -
710 1474 782 1535 ὄνον
795 1512 812 1523 -
826 1513 841 1522 -
855 1478 1171 1555 κατακρημνίζοντες,
1192 1480 1232 1542 ῶς
1244 1476 1412 1546 Κοπτῖται,
1432 1473 1483 1536 διά
1496 1471 1533 1534 τὸ

193 1555 312 1639 πυρρὸν
327 1558 482 1639 γεγονέναι
503 1555 559 1618 τδν
580 1568 714 1640 Τυφῶνα
733 1560 787 1622 καὶ
803 1560 902 1634 ὀνῶδη
923 1562 978 1637 τὴν
986 1559 1090 1639 χρόαν
1102 1563 1166 1619 κτλ.
1207 1562 1267 1620 cir.
1281 1562 1406 1622 Mueller
1418 1581 1447 1636 p.
1463 1557 1529 1619 991.

193 1647 349 1717 Attamen,
379 1662 478 1704 rerum
498 1648 530 1704 ut
549 1647 661 1718 lateat,
691 1650 866 1722 probabilius
892 1647 1034 1718 originem
1059 1646 1139 1703 iatius
1165 1647 1270 1705 etruria
1289 1648 1326 1705 de
1346 1649 1428 1706 asine
1449 1662 1466 1704 n
1484 1646 1532 1703 lu·

195 1732 275 1791 daeia
303 1732 380 1790 uultu
405 1732 455 1789 alii
480 1736 612 1804 repetere
641 1735 712 1793 mibi
739 1736 874 1794 uidentur
901 1748 919 1790 a
949 1732 1092 1791 Cherubim
1117 1733 1196 1802 illis,
1230 1748 1305 1805 quae
1329 1734 1446 1807 proprie
1465 1735 1534 1789 aunt

195 1821 336 1889 τοπίιικο,
369 1818 508 1875 animalia
535 1819 687 1891 epbingiea
715 1823 921 1896 Aegyptiorum
952 1836 989 1877 ex
1018 1821 1103 1888 alite,
1137 1818 1253 1876 bomine
1286 1822 1315 1875 et
1345 1816 1533 1895 quadrupede

194 1905 370 1978 comperite,
405 1904 517 1962 tonanti
542 1906 589 1963 dei
614 1908 710 1964 currui
729 1909 828 1966 iuncta
846 1911 875 1966 et
894 1909 1017 1980 primum
1035 1908 1067 1964 in
1086 1907 1179 1964 annuli
1198 1907 1376 1965 tabernaculi
1395 1904 1534 1979 operculo

196 1990 302 2065 (Bruti.
323 1991 379 2060 25,
401 1990 481 2062 aa),
502 1991 609 2049 deinde
629 1992 660 2050 in
679 1995 787 2067 templu
806 1995 925 2066 eiuaque
946 1993 1032 2065 adyto
1052 1992 1247 2064 a'pnrietibua
1266 1992 1371 2049 eltlcta.
1399 1989 1439 2064 (l.
1460 1990 1533 2062 lter.

194 2077 231 2148 6,
249 2075 310 2149 23.)
329 2075 403 2133 Vide
423 2075 603 2148 Rupertium.
635 2109 670 2123 -
700 2083 814 2152 septimo
833 2082 877 2136 ilia
895 2076 999 2152 ulium]
1032 2078 1142 2149 Ilignea
1162 2082 1226 2148 eal,
1255 2079 1302 2151 qui
1323 2077 1370 2134 bic
1389 2077 1535 2134 inseratur
1589 2099 1592 2104 ¹

195 2165 276 2222 tecue
295 2162 396 2221 Rutilii
414 2163 577 2221 Namatiani
599 2164 661 2237 (aie)
685 2163 723 2237 1,
744 2166 811 2224 387.
845 2167 900 2223 Ed.
921 2163 1065 2236 Zumptii,
1094 2164 1142 2220 ubi
1171 2166 1257 2235 poeta
1286 2163 1363 2235 apud
1392 2162 1536 2235 querulum

195 2263 358 2321 cauponem
377 2246 511 2310 Iudaeum
529 2248 705 2315 devertitur,
739 2249 878 2308 Humanis
899 2250 1008 2305 σιτίοισι
1029 2248 1173 2306 ebremata
1198 2249 1286 2305 cibis.-
1320 2248 1465 2305 Reddimus
1487 2248 1536 2306 ub-

194 2349 308 2392 ιιοιιισι
329 2335 454 2390 amuleta
473 2334 565 2390 debite
583 2337 674 2408 penti,
705 2334 783 2405 Quae
800 2336 916 2409 ριπίιοίι
941 2341 1022 2406 capul
1045 2335 1215 2407 propudium
1236 2336 1321 2393 metit.
1355 2333 1449 2391 liubin
1468 2333 1535 2392 atui·

196 2422 292 2477 ιλιίοιε
312 2421 358 2477 eat
377 2421 484 2492 triplae
502 2421 621 2478 rabbula
640 2424 735 2487 curui,
764 2421 817 2479 Seu
840 2438 889 2479 τοι
907 2422 1038 2492 [τίρίῶιιι
1060 2421 1191 2493 τιλίρίοιιι
1210 2436 1271 2476 ινα.
1312 2417 1434 2491 Septima
1452 2435 1536 2492 φαι-

196 2524 247 2581 φιι
268 2508 326 2563 diet
344 2506 420 2577 turpi
435 2506 570 2562 damnata
588 2513 715 2572 veterno,
740 2506 893 2579 Tampilum
912 2506 1011 2562 1ιιιιιιιί
1031 2506 1122 2563 muttit
1141 2508 1234 2578 imupu
1252 2506 1314 2562 (lai.-
1335 2531 1372 2548 ·-
1387 2534 1424 2551 -
1446 2502 1535 2562 Virtu-

196 2609 291 2665 τιιηιιι
308 2607 372 2649 auur
390 2592 469 2648 aeliu
490 2593 564 2648 uictu
580 2595 690 2664 premit.

270 2754 299 2811 5.
332 2753 437 2810 tributu
461 2759 487 2811 et
510 2751 610 2827 stipor]
645 2753 727 2813 Pbilu
746 2755 816 2825 Lag.
846 2754 882 2811 ad
902 2751 1004 2811 Caium
1022 2751 1078 2812 23:
1107 2749 1270 2809 Ἠπίστατο
1292 2749 1456 2830 (Ίιβέριος)
1482 2747 1537 2809 καλ
1606 2763 1610 2772 ’

191 2835 347 2916 χρήματα
367 2844 601 2916 συναγαγόντας
628 2835 690 2898 ἀπὸ
711 2841 772 2896 τῶν
798 2839 949 2915 ἀπαρχῶν
975 2835 1044 2917 ἱερὰ
1070 2834 1123 2895 καλ
1148 2834 1324 2913 πέμποντας
1350 2840 1393 2901 εἰς
1407 2833 1536 2914 Ἰεροσό-

197 2923 280 3001 λυμα
301 2918 353 2980 διὰ
374 2922 437 2981 τῶν
456 2921 571 2989 θυσίας
590 2922 778 2997 ἀναξόντων.
817 2925 854 2982 ΕΙ
878 2923 929 2983 31τ
962 2924 1047 2982 Καθ’
1069 2916 1202 2980 ’έκαοτον
1225 2917 1366 2980 ἐνιαυτὸν
1388 2926 1535 3000 ίεροπομ-

197 3005 251 3067 πολ
272 3007 437 3065 στέλλοντα
460 3010 583 3086 χρυσῶν
610 3007 665 3069 καὶ
692 3006 829 3089 ἄργυρον
858 3008 997 3068 πλεῖστον
1023 3006 1198 3084 κομίζοντες
1225 3011 1267 3071 εἰς
1293 3003 1329 3064 τὸ
1352 3004 1452 3084 ἱερόν,
1482 3001 1536 3064 τὸν

197 3091 417 3172 ἀθροισθέντα
435 3091 470 3150 έκ
487 3096 551 3152 τῶν
569 3092 738 3174 ἀπαρχῶν,
765 3093 938 3174 δυσβάτοις
956 3090 1010 3151 καὶ
1033 3091 1166 3169 ἀτριβεῖς
1184 3088 1239 3149 καὶ
1259 3090 1430 3163 ἀνηνύτους
1449 3088 1537 3155 ὁδοὺς

197 3173 430 3255 περαιούμενοι,
457 3173 496 3243 ἃς
515 3179 689 3255 λεωφόρους
711 3178 790 3239 εἶναι
815 3180 1006 3259 νομίζουσιν,
1035 3174 1081 3235 ὅτι
1102 3175 1179 3256 πρὸς
1196 3174 1351 3236 εύο“έ6ειαν
1375 3174 1460 3254 ἄγειν
1483 3174 1536 3235 δο-

197 3265 298 3322 κοῦσι.
337 3260 478 3334 Ιοιορλιοι
495 3264 531 3322 lt.
552 3265 577 3322 l.
598 3266 632 3338 l,
651 3264 690 3323 2:
721 3265 878 3343 Θαυμάοη
898 3262 929 3323 δὲ
946 3259 1067 3343 μηδείς,
1086 3268 1116 3319 εί
1130 3264 1275 3326 τοσοῦτος
1297 3251 1336 3336 ἦν
1357 3262 1487 3326 πλοῦτος
1503 3261 1535 3320 έν

199 3348 241 3420 τῷ
257 3346 393 3427 ἡμετέρῳ
412 3349 502 3423 ἱερῷ,
534 3349 661 3410 πάντων
678 3355 739 3410 τῶν
765 3346 847 3408 κατά
863 3334 929 3422 ’τὴν
954 3345 1138 3424 οἰκουμένην
1161 3343 1388 3404 ’1ουδαίωνκαὶ
1409 3343 1538 3425 σεβομέ·

199 3452 261 3491 νοιν
278 3431 333 3494 τὸν
349 3437 445 3502 θεὸν,
464 3430 509 3497 ἔτι
526 3432 558 3494 δὲ
579 3431 634 3493 καλ
652 3439 712 3493 τῶν
731 3431 793 3493 ἀπὸ
811 3440 863 3509 τῆς
876 3432 975 3496 Ἀσίας
990 3427 1044 3489 καὶ
1062 3433 1116 3506 τῆς
1129 3429 1278 3510 Εὐρώπης
1298 3437 1340 3497 εἰς
1360 3426 1439 3492 αὐτὸ
1455 3449 1536 3508 συμ-

199 3517 357 3597 φερόντων
375 3521 409 3582 ἀι
421 3522 540 3582 πολλῶν
556 3517 637 3578 πάνυ
645 3518 780 3597 χρόνον.
814 3519 908 3579 Certis
921 3524 1017 3577 autem
1032 3519 1208 3589 argumentis
1227 3518 1371 3589 culligltur
1390 3515 1537 3574 babitaaea

199 3604 274 3662 ultra
300 3605 461 3681 leuberto
487 3604 609 3663 ludneue
639 3609 730 3662 terrae
761 3605 939 3676 peregrinae.
991 3604 1086 3677 Atque
1117 3603 1243 3661 nutabile
1270 3607 1314 3658 eet
1342 3601 1536 3660 testimonium

198 3688 328 3752 Philonis
345 3694 376 3751 in
394 3696 490 3753 Flauo.
512 3692 540 3749 6.
562 3708 591 3764 p.
612 3689 689 3746 971:
722 3689 783 3747 Ούκ
802 3687 966 3748 ἀποδέουσι
981 3686 1142 3766 μυριιίδοιν
1160 3687 1271 3746 ἑκατὸν
1290 3695 1320 3745 οἰ
1338 3685 1393 3759 τὴν
1404 3684 1536 3756 Ἀλεξάν-

199 3773 303 3854 δρειαν
324 3785 378 3836 καλ
391 3776 444 3855 τὴν
450 3775 562 3856 χώραν
580 3772 717 3833 Ἰουδαῖοι
734 3775 949 3836 κατοικοῦντες
961 3770 1023 3830 ἀπὸ
1035 3775 1090 3832 τού
1105 3769 1180 3849 πρὸς
1192 3775 1310 3851 Λιβύην
1322 3774 1537 3849 καταβαθμοῡ

198 3862 291 3942 μέχρι
308 3864 369 3924 τῶν
391 3862 484 3943 ὁρίων
503 3859 677 3924 Αἰθιοπίας.
699 3888 734 3902 -
754 3858 852 3916 ludaei
870 3865 956 3914 αιτίι
974 3856 1052 3931 τοία]
1075 3856 1185 3927 Dignus
1204 3860 1265 3928 eat,
1286 3858 1335 3930 qui
1356 3857 1534 3925 conteratur,

201 3948 305 4008 strabo
326 3947 372 4005 16.
393 3965 422 4022 p.
443 3946 518 4006 ltu:
535 3940 613 4018 Ἔφη
636 3947 695 4022 γὰρ
715 3947 849 4018 Μωυσῆς
865 3939 919 4000 καὶ
941 3939 1115 4008 ἐδίδασκεν,
1135 3943 1174 4005 ῶς
1196 3941 1253 3998 uun
1273 3942 1377 4016 ὀρθῶς
1395 3937 1538 4018 φρονοῖεν

199 4039 358 4112 Αἰγύπτιοι
382 4032 507 4113 θηρίοις
526 4031 694 4099 εἰκάζοντες
709 4025 764 4086 καὶ
774 4027 957 4106 βοσκήμασι
976 4024 1012 4084 τὸ
1034 4025 1138 4084 θεῖον·
1160 4024 1223 4083 οὐδ’
1239 4031 1269 4083 οἰ
1281 4025 1410 4104 Λίβυες,
1431 4025 1486 4082 οὐκ
1506 4021 1539 4081 εὖ

200 4117 232 4178 δέ
245 4115 308 4176 οὐδ’
322 4114 512 4190 οίἝλληνες,
531 4113 824 4190 ι’τνθροιπομορφοοι.Ι
847 4115 1024 4176 τυποῦντες·
1045 4110 1091 4182 εἴη
1111 4107 1170 4190 γὰρ
1185 4107 1218 4169 ’ἐν
1239 4112 1328 4168 τοῦτο
1346 4109 1446 4185 μόνον
1465 4105 1539 4173 θεὸς

200 4200 238 4263 τὸ
262 4213 400 4281 περιέχον
419 4203 503 4279 ημᾶς
527 4195 668 4261 ἅπαντας
691 4193 746 4254 καὶ
759 4200 816 4273 γῆν
835 4192 889 4254 καλ
910 4197 1092 4264 θάλατταν,
1121 4197 1139 4253 ὂ
1157 4196 1312 4272 καλοῦμεν
1330 4192 1465 4271 ούρανὸν
1485 4192 1539 4251 καὶ

200 4296 322 4368 κόσμον
336 4285 391 4347 καὶ
412 4289 468 4362 τὴν
489 4288 548 4344 τῶν
567 4280 793 4356 ὄντων’φύσιν.
836 4287 949 4338 Τούτου
969 4276 1006 4352 δὴ
1027 4281 1070 4344 τίς
1090 4277 1131 4338 ἄν
1143 4282 1247 4338 εἰκόνα
1259 4277 1401 4338 πλάττειν
1413 4279 1538 4352 θαρρη·

201 4395 261 4435 uate
277 4374 353 4433 νοῦν
372 4370 451 4451 ’έχων
467 4368 579 4449 ὁμοίαν
594 4363 664 4425 τινά
684 4368 743 4423 τῶν
761 4366 834 4440 παρ’
854 4365 928 4444 ημῖν
937 4388 949 4436 ,·
975 4363 1035 4426 ἀλλ’
1058 4366 1113 4438 ε’ᾀν
1132 4363 1175 4424 δεῖ
1193 4367 1300 4422 πᾶσαν
1320 4361 1537 4435 ξοανοποιΐαν,

202 4460 325 4539 τέμενος
337 4456 554 4536 ἀφορίσαντας
578 4450 632 4511 καὶ
652 4449 749 4524 σηκὸν
767 4449 927 4526 ἀξιόλογον
947 4453 1042 4528 τιμᾷν
1060 4447 1155 4513 εἴδους
1170 4447 1276 4525 χωρίς.
1310 4445 1540 4525 Ἐγκοιμᾶσθαι

201 4545 232 4604 δέ
251 4540 308 4603 καὶ
319 4538 434 4606 αύτούς
452 4542 527 4617 ὑπὲρ
545 4536 662 4597 ἑαυτῶν
682 4532 737 4594 καλ
757 4538 831 4613 ὑπὲρ
849 4541 910 4592 τῶν
927 4532 1027 4594 ἄλλων
1049 4531 1159 4600 ἄλλους
1178 4531 1247 4597 τούς
1264 4530 1454 4609 εύονείρους·
1485 4530 1540 4591 καὶ

201 4626 380 4707 προσδοκᾷν
397 4625 458 4686 δεῖν
479 4621 567 4699 παρὰ
586 4625 640 4680 τοῦ
659 4623 736 4679 θεοῦ
759 4618 813 4677 καὶ
835 4616 936 4698 δῶρον
949 4620 1001 4678 ἀεί
1020 4640 1048 4676 τι
1067 4615 1121 4677 καὶ
1135 4617 1262 4695 σημεῖον
1286 4614 1358 4682 τοὺς
1370 4623 1539 4698 σωφρόνως

202 4716 319 4788 ζῶντας
340 4710 395 4772 καὶ
420 4707 500 4792 μετὰ
522 4705 736 4779 δικαιοσύνης,
766 4702 836 4770 τοὺς
854 4700 879 4761 δ’
899 4700 1010 4769 ἄλλους
1030 4701 1076 4783 μὴ
1096 4699 1283 4781 προσδοκᾷν.
1330 4704 1383 4763 uio
1402 4704 1460 4776 3⁷,
1483 4704 1537 4762 ¹7:

202 4795 332 4878 ἄγαλμα
352 4795 441 4858 οὐδέν
461 4797 495 4855 έν
515 4791 620 4858 αὐτοῖς
643 4794 713 4849 ποτέ
741 4791 802 4857 τοῖς
827 4789 1047 4869 Ἰεροσολύμοις
1066 4785 1172 4866 ἐ’σχον·
1205 4785 1342 4866 οῖρῥητον
1368 4785 1399 4847 δὲ
1426 4785 1463 4862 δὴ
1485 4786 1540 4848 καὶ

202 4880 289 4958 ἀειδῆ
307 4879 403 4944 αύτδν
422 4881 596 4961 νομίζοντες
613 4874 711 4946 εἶναι,
730 4877 937 4954 περισσότατα
948 4875 1124 4951 ἀνθρώπων
1142 4874 1361 4948 θρησκεύουσι.
1383 4870 1437 4931 καὶ
1455 4873 1540 4946 αύτῷ

204 4968 279 5032 νεών
290 4989 322 5028 τε
336 4966 481 5048 μέγιστον
498 4962 553 5024 καὶ
568 4961 858 5040 περικαλλέστατον,
876 4957 955 5035 πλὴν
974 4962 1049 5020 καθ’
1073 4954 1147 5018 ὅσον
1163 4957 1283 5035 ἀχανής
1298 4976 1330 5015 τε
1346 4953 1400 5014 καὶ
1418 4955 1539 5036 ἀνῶρο-

204 5076 264 5129 φος
290 5054 347 5131 ἦν,
374 5052 562 5126 ἐξεποίησαν.
613 5049 666 5107 Dei
693 5063 798 5105 numen
825 5048 966 5104 memorat
995 5045 1137 5103 Diodorus
1164 5042 1196 5114 1,
1217 5042 1270 5099 et:
1312 5037 1400 5120 nepai
1423 5038 1453 5100 δι’
1478 5043 1539 5108 τοῖς

202 5136 357 5205 Ἰουδαίοις
381 5139 540 5220 ἱστοροῦσι
564 5136 700 5208 ,ιιωυσῑγν
725 5129 778 5191 τὸν
800 5134 866 5190 'lari
894 5129 1132 5209 ἐπικαλούμενον
1159 5123 1236 5188 θεὸν
1262 5126 1539 5206 προσποιήσασθαι
