3725 5892
610 507 807 574 niunouus
838 512 910 596 cup.
932 508 985 575 aa.
1009 512 1061 575 aa.
1433 513 1494 580 513

171 660 347 746 signantur,
369 662 492 751 quales,
514 684 573 752 per
593 662 703 746 iidem,
725 675 756 731 ei
779 686 870 754 quam
885 666 1109 734 incredibiliter
1122 671 1331 757 compositae!
1355 672 1495 756 seqnitur

171 783 274 841 autem
298 788 334 840 ut
362 778 511 868 mpierise
538 775 720 844 abhorrenti
749 780 920 845 averitate
943 780 1129 847 declamatio
1151 802 1277 868 quoque
1298 783 1493 851 adhibeatur.

171 887 215 953 sia
235 886 269 953 bi
287 897 322 956 ut
342 887 605 975 tyrannicidarum
629 891 766 976 praemia
788 900 841 955 aut
862 892 1038 958 vitiatarum
1053 893 1223 960 electiones
1237 905 1289 960 aut
1303 896 1496 982 pestilentiae

172 1000 308 1069 remedia
335 1011 388 1068 aut
408 1002 525 1069 incesta
545 1014 695 1081 matrum,
728 1011 781 1069 aut
808 1004 955 1090 quicquid
977 1005 1008 1071 in
1031 1005 1136 1072 scbola
1158 1008 1297 1095 quotidie
1318 1008 1440 1095 agitur,
1463 1013 1497 1075 iu

170 1113 241 1181 loro
261 1115 311 1181 uel
331 1136 405 1183 raro
427 1116 476 1183 rel
491 1138 667 1205 nunquam,
690 1116 869 1203 ingentibus
883 1118 989 1184 vorbis
1004 1127 1247 1206 perseqnautnr;
1270 1142 1341 1187 cum
1356 1121 1394 1187 ad
1407 1143 1521 1201 rurore

170 1226 289 1294 indices
303 1237 429 1295 ventum
448 1230 508 1260 *¹*
522 1251 588 1296 rem
604 1231 759 1316 cogitant,
784 1229 862 1296 nibil
875 1230 995 1295 humile
1010 1230 1060 1297 rel
1074 1233 1231 1299 abiectum
1245 1234 1352 1319 eloqui
1364 1243 1498 1319 poterat.

171 1338 232 1425 [36)
253 1361 365 1428 magna
387 1344 582 1430 eloquentia,
606 1344 686 1408 sicui
706 1339 850 1418 damma,
876 1345 1004 1409 materia
1025 1344 1117 1409 alitur
1138 1354 1169 1410 et
1194 1345 1329 1412 mutibus
1343 1350 1497 1414 excitatur

169 1461 201 1518 et
227 1457 349 1520 urendo
378 1457 531 1521 clarescit.
575 1460 683 1521 eadem
712 1457 791 1521 ratio
818 1456 851 1521 in
878 1464 986 1521 nostra
1007 1478 1132 1545 quaque
1154 1457 1278 1525 civitate
1300 1460 1498 1547 antiquarum

169 1566 379 1652 eloquentiam
398 1570 553 1655 prorexit.
584 1588 657 1632 nam
677 1569 735 1633 etsi
756 1565 868 1633 burum
883 1589 1008 1655 qnoque
1024 1579 1202 1655 temporum
1217 1579 1359 1638 oratores
1371 1594 1410 1638 ea
1424 1595 1500 1639 can·

168 1681 266 1745 secuti
293 1690 366 1747 sunt
386 1701 467 1768 quae
489 1680 661 1764 composita
683 1688 715 1745 et
735 1682 840 1765 quista
862 1689 894 1746 et
917 1679 1007 1746 beata
1028 1705 1063 1748 re
1084 1681 1208 1768 publica
1228 1683 1325 1750 tribui
1345 1684 1392 1752 ias
1414 1696 1535 1767 erat,1u

168 1799 275 1859 umen
302 1793 356 1858 illa
387 1792 624 1880 perturbatione
652 1812 688 1856 aa
709 1791 832 1858 licentia
854 1792 945 1880 plura
966 1793 1027 1860 sibi
1049 1796 1174 1882 assequi
1196 1796 1400 1876 ridebantur,
1425 1819 1495 1865 cum

166 1905 273 1972 mixtis
288 1902 434 1972 omnibus
448 1913 480 1972 et
494 1907 691 1972 moderatore
706 1926 770 1972 uno
784 1906 962 1973 carentibus
973 1915 1091 1975 tantum
1110 1909 1242 1997 quisque
1255 1919 1364 1977 orator
1375 1921 1499 1997 saperet

236 2116 261 2167 i.
288 2129 337 2179 per
362 2110 446 2181 imm]
472 2114 599 2180 perfidiae
624 2114 653 2166 P.
691 2114 844 2167 correctum
863 2119 889 2167 iu
908 2116 937 2165 it.
966 2143 999 2154 -
1026 2117 1053 2169 ti.
1073 2118 1269 2170 nentumPiic
1287 2127 1393 2172 uentum
1410 2126 1447 2172 ert
1466 2122 1497 2175 B.

167 2185 413 2238 anaunensium
432 2186 453 2235 Ρ
471 2192 511 2238 est
526 2189 640 2247 spatium
660 2198 769 2236 vacuum
789 2194 848 2237 octa
868 2201 1009 2248 saranum,
1037 2189 1184 2249 adscriptas
1203 2189 1246 2251 (ab
1266 2191 1357 2240 eadem
1376 2196 1407 2240 ut
1426 2191 1497 2243 ride·

168 2265 210 2308 tur
228 2271 322 2309 mauu:
342 2255 517 2318 Burrenum),
538 2260 580 2305 aiu
599 2260 714 2319 margine
733 2262 809 2306 nau:
828 2256 944 2308 Deerant
962 2263 991 2308 in
1007 2260 1150 2322 exemplari
1167 2273 1214 2310 sec
1229 2261 1350 2324 popeline
1367 2267 1497 2313 vetustate

167 2335 346 2392 consumptae.
383 2327 439 2380 liae
457 2341 501 2381 sar
523 2326 636 2392 pagellae
655 2330 685 2390 (si
705 2327 812 2378 credere
832 2328 923 2379 liceret
940 2330 1087 2381 Poetarum
1106 2331 1215 2379 totidem
1233 2344 1322 2382 versus
1352 2334 1377 2380 in
1406 2336 1497 2395 quasia

167 2397 266 2462 papalia
284 2390 442 2461 sustulisse,
473 2404 539 2463 quat
566 2402 593 2448 iu
620 2405 707 2449 ratere
733 2399 775 2448 iiic
800 2400 941 2460 arempisrt
960 2403 1071 2459 scriptas
1089 2404 1267 2462 repperisset,
1299 2408 1423 2463 quattuor
1442 2402 1497 2453 iera

166 2473 292 2532 paginae,
322 2468 412 2532 quales
430 2471 456 2520 in
477 2478 563 2521 nostra
587 2474 651 2517 sunt
670 2468 809 2519 iiditiuner
836 2470 961 2532 (singulae
980 2466 1079 2522 xxxi.
1107 2483 1230 2520 rersuuru
1254 2474 1280 2520 tu
1299 2470 1337 2533 ii.)
1362 2473 1497 2525 «effecisse

166 2542 315 2592 ridentum
336 2540 436 2591 Tross·
473 2540 537 2590 inF
554 2538 713 2601 adscriptum
727 2544 784 2591 ests
803 2539 916 2589 discitum
935 2542 1020 2604 deficit
1037 2545 1066 2592 tn
1084 2541 1274 2602 exemplaribus
1287 2554 1354 2605 quae
1365 2546 1496 2604 reperiun-

166 2615 221 2659 tur.
242 2636 272 2648 -
293 2613 412 2675 capitoni
429 2610 465 2660 P:
486 2612 604 2675 capitata
622 2609 689 2658 liii.
712 2634 740 2646 -
760 2609 801 2661 uel
818 2611 948 2661 abbatum
965 2611 1004 2661 1³2
1029 2611 1095 2662 niisil
1113 2611 1239 2662 abiectum
1257 2612 1323 2661 iili.
1342 2637 1375 2647 -
1401 2613 1427 2662 7.
1447 2613 1497 2679 ila·

165 2681 257 2731 mar.
291 2706 319 2719 -
352 2681 485 2742 maribus,
512 2683 561 2732 iitt.
581 2695 596 2730 r
616 2690 746 2741 superscr.
768 2679 825 2732 εἰ).
846 2705 878 2718 -
908 2684 952 2732 ii.
972 2683 1117 2733 temenitis·
1135 2679 1200 2746 (scii.
1220 2681 1335 2746 antiqui)
1353 2681 1495 2735 Gutmsnni

165 2754 300 2815 suspicio,
320 2753 395 2816 prob.
416 2752 502 2804 Dued·
522 2775 553 2787 -
573 2750 616 2801 ia.
632 2751 716 2801 mistis
734 2749 765 2800 Ρ.

166 2943 247 3009 probs
274 2950 301 2996 at
328 2957 397 3007 quse
422 2945 531 2995 minime
550 2941 663 2995 debebat
681 2944 708 2992 iu
726 2942 813 3004 suspt-
828 2951 833 3051 p
848 2941 1016 2992 stultissimas
1033 2941 1107 3006 pert,
1137 2942 1199 3004 quta
1217 2942 1282 2993 utili
1300 2957 1332 2994 aa
1349 2946 1401 3004 iis,
1429 2959 1495 3009 quae
1519 3012 1524 3017 Ι

166 3027 269 3076 cionem
288 3029 384 3077 rasari.
403 3023 511 3075 Patron.
533 3025 599 3082 iiio,
613 3023 646 3073 5:
664 3022 810 3086 Perfidem.
848 3022 877 3069 in
895 3034 945 3070 usu
963 3021 1103 3076 iubemus,
1129 3028 1176 3071 aut
1196 3022 1307 3072 audiunt
1326 3028 1372 3074 out
1389 3026 1494 3077 uident.-

164 3105 291 3168 inquam,
326 3108 419 3167 poter,
455 3105 530 3153 euius
560 3103 623 3151 iaec
649 3103 725 3151 nauis
751 3101 811 3152 esti
849 3099 893 3151 sed
916 3102 1025 3164 piratas
1048 3114 1106 3151 cum
1128 3103 1229 3151 catenis
1247 3104 1276 3151 tn
1293 3102 1370 3154 litare
1387 3110 1493 3166 stantes,

164 3182 246 3244 dpul·
265 3184 331 3235 idei.
351 3183 384 3245 d,
401 3182 429 3232 i.
450 3195 477 3245 p.
489 3181 552 3232 tuti.
567 3181 706 3232 Httdabm
729 3178 813 3241 Ωυαηι
848 3179 893 3228 sed
909 3187 1038 3242 tyrannas
1056 3179 1144 3230 edicta
1159 3180 1316 3240 scribentes,
1341 3183 1432 3245 quous
1447 3186 1496 3235 im·

163 3263 272 3320 sedern,
298 3263 402 3326 inquii,
427 3273 476 3324 par
492 3260 585 3324 fidem,
613 3265 704 3310 nutum
729 3272 812 3309 meum
847 3264 936 3321 parent
948 3259 1025 3323 fiilis.
1040 3265 1068 3308 ut
1078 3266 1187 3322 patrum
1196 3274 1305 3310 suarum
1315 3264 1404 3324 cupita
1413 3276 1496 3326 prae-

161 3340 285 3405 praeitur
301 3342 355 3390 istie
373 3340 573 3391 accommodare
590 3346 641 3389 aet.
672 3361 700 3374 -
729 3338 814 3389 decia·
849 3338 956 3399 aidani,
974 3338 1019 3388 sed
1036 3351 1160 3401 respousa
1179 3340 1208 3390 in
1223 3341 1398 3400 pestilentiam
1415 3341 1492 3398 data,

163 3423 247 3471 mutio
265 3416 377 3486 quaque]
397 3419 476 3469 «scii.
494 3418 638 3469 abluamus
655 3430 674 3467 o
691 3420 809 3468 ueritate.
849 3424 879 3468 ut
904 3419 1020 3481 uirpines
1043 3425 1096 3469 tres
1122 3424 1170 3467 aut
1194 3419 1284 3483 piures
1307 3422 1492 3482 immolentur:

163 3501 230 3553 iiam
257 3514 304 3565 per
331 3499 521 3564 praceptorum
549 3499 575 3549 id
604 3500 728 3548 amissum
747 3506 806 3556 est,
849 3498 893 3546 sed
919 3497 1030 3548 meditus
1054 3497 1192 3548 anianum
1214 3499 1332 3563 pioiulas
1356 3508 1381 3552 st
1404 3505 1495 3553 amnia

166 3581 371 3645 mammutium
398 3579 460 3631 addi
495 3582 624 3641 scripture
662 3582 810 3635 iusserunt,
849 3577 921 3626 dictu
944 3576 1067 3642 factaque
1091 3581 1167 3640 quasi
1188 3592 1322 3643 papauere
1345 3586 1370 3632 et
1393 3594 1493 3632 sesamo

164 3676 236 3713 uuna
262 3661 303 3713 rei
332 3674 387 3724 pur
415 3660 455 3712 rei
484 3660 605 3710 similis.»
639 3657 729 3708 Dono.
767 3657 812 3706 iist
848 3668 953 3717 sparsa.
977 3681 1005 3693 -
1032 3658 1190 3708 uitiatarum
1208 3658 1350 3725 electiones]
1379 3660 1491 3723 Quintil.

165 3742 285 3793 tractatio
319 3744 466 3804 argumenti
512 3739 639 3801 propositi
682 3736 808 3787 declama·
849 3734 922 3786 ilaei.
941 3735 1010 3786 soor
1035 3736 1178 3799 Stupratae
1194 3738 1277 3789 datur
1294 3740 1366 3803 aptio
1383 3741 1494 3806 stipendi

164 3824 231 3874 toria
262 3820 414 3880 dumtaxat,
446 3832 498 3871 nan
528 3830 589 3870 rere
622 3820 744 3868 aratoris.
779 3838 809 3851 -
847 3824 957 3866 moriem
974 3819 1092 3878 raptaris
1119 3823 1166 3867 aut
1184 3822 1302 3880 nuptias.
1334 3846 1360 3856 -
1389 3829 1494 3872 uentum

164 3899 395 3964 tyrannicidarum
430 3897 498 3963 cst]
544 3897 712 3960 singutarnm
756 3897 809 3947 iere
847 3893 905 3913 '¹'
923 3893 995 3958 rem]
1024 3894 1062 3945 ile
1090 3896 1138 3946 isac
1157 3895 1277 3951 deiectu,
1309 3902 1355 3960 qui
1375 3912 1492 3954 mancam

164 3980 257 4032 borum
288 3983 405 4031 inanium
441 3986 654 4042 argumentorum
692 3976 808 4037 esempia
848 3974 933 4025 reddit
952 3976 1063 4025 Materni
1085 3979 1228 4028 cretionem
1247 3978 1304 4028 ride
1324 3978 1420 4030 ititteri
1440 3981 1492 4031 dis·

164 4065 280 4122 reperias
309 4060 379 4122 apud
407 4058 534 4109 Senecam
563 4057 693 4107 rhetorem
727 4063 754 4107 at
782 4061 808 4103 in
848 4059 1009 4114 putationem
1036 4056 1062 4104 tn
1083 4055 1198 4106 Ereursn
1224 4057 1257 4107 sd
1276 4057 1302 4106 b.
1323 4058 1339 4107 i.
1369 4084 1400 4094 -
1427 4060 1493 4110 niiii

164 4141 319 4203 Quintiliani
337 4137 590 4192 Declamatiantbns.
615 4136 668 4187 Sed
683 4137 809 4198 imprimis
845 4134 940 4184 itumiie
964 4134 1005 4183 uei
1034 4131 1176 4198 abiectum]
1205 4137 1325 4187 iunctura
1355 4138 1491 4197 Tulliana:

163 4221 357 4287 apparituram
375 4219 447 4270 lucus
464 4217 581 4268 Petronii
601 4218 631 4266 is
662 4215 730 4265 llum
755 4214 809 4262 aiio
846 4213 971 4264 deliine·
989 4214 1023 4272 5,
1042 4214 1090 4271 20,
1110 4213 1162 4264 57:
1182 4215 1249 4264 niirii
1267 4215 1404 4275 adiectum,
1422 4218 1492 4267 aiiii

162 4312 254 4366 penem
265 4296 595 4362 [umarumdeclomatares
607 4294 809 4357 inquietantur?
846 4293 940 4341 iumiie
959 4294 1089 4355 capitani-
1126 4293 1199 4344 Orat.
1220 4290 1248 4356 ὅ.
1270 4294 1340 4345 itas
1370 4297 1492 4347 tamdem

164 4380 210 4444 qui
229 4379 363 4430 emmoni:
394 4377 483 4428 sidaec
500 4375 609 4426 uulnera
624 4386 674 4436 pra
693 4373 810 4424 libertate
846 4376 871 4422 at
888 4372 1018 4422 abiectam
1038 4373 1193 4422 arationem.

160 4457 272 4523 publico
296 4459 400 4520 accam:
437 4457 505 4506 iruna
537 4454 640 4504 oculum
661 4465 712 4515 pra
738 4451 810 4502 uobis

163 4538 298 4602 impendi:
321 4537 383 4586 daia
399 4537 464 4585 miii
481 4534 588 4591 ducem,
613 4535 659 4596 qui
674 4545 713 4581 me
730 4531 810 4581 duent
881 4528 925 4579 id.
951 4527 1072 4592 motibus]
1101 4530 1316 4582 «vehementibus
1343 4532 1490 4591 aflectibus.

163 4616 405 4672 adiidmmmeos,
425 4627 488 4664 nam
505 4613 598 4663 mocisi
607 4611 719 4675 poplites
730 4623 809 4659 mem·
848 4620 913 4670 quas
940 4611 1135 4660 inauditorum
1153 4613 1246 4660 animia
1265 4614 1380 4661 excitant
1404 4618 1490 4664 orata·

165 4695 214 4747 iro
231 4709 286 4747 nan
303 4696 458 4745 sustinent.»
485 4694 558 4743 Haeo
576 4693 638 4753 ipsa
660 4689 810 4739 tolerabilia
847 4702 915 4739 res.»
938 4714 966 4726 -
997 4686 1111 4752 urenda}
1137 4689 1205 4741 Maia
1225 4692 1343 4741 nonnulii
1362 4694 1492 4754 explicant

163 4779 262 4837 ment,
288 4776 313 4825 si
335 4774 371 4824 ad
394 4773 569 4837 eloquentiam
584 4771 664 4821 ituris
682 4771 753 4819 uiam
770 4767 810 4830 sa·
847 4768 1007 4819 scrueiaudo
1040 4782 1140 4828 reus3s
1183 4773 1321 4820 continuat
1357 4771 1492 4824 dumtaxat

164 4858 269 4906 emant:
298 4866 367 4903 nunc
390 4858 415 4904 at
437 4865 524 4904 rarum
548 4856 651 4902 tumore
671 4855 695 4899 et
713 4854 810 4900 santan-
844 4848 965 4915 fiammae
982 4852 1139 4912 imaginem
1169 4848 1216 4897 eiie
1232 4849 1307 4898 britia
1323 4862 1355 4898 en
1372 4850 1490 4904 erutam.

163 4936 263 4985 tiorum
273 4933 417 4984 canusima
434 4932 546 4991 strepitu
564 4930 610 4979 doc
628 4934 734 4979 tantum
744 4941 810 4991 pra-
846 4928 995 4980 bausndre.
1030 4952 1057 4965 -
1091 4943 1122 4979 ea
1149 4930 1279 4978 consecuti
1308 4926 1387 4991 suni]
1418 4933 1491 4983 arcii.

163 5014 269 5080 picium
287 5017 334 5070 ut.
353 5024 412 5063 eunt
429 5012 458 5061 in
474 5008 705 5075 summoueretur,
716 5013 810 5070 putent
847 5013 962 5069 praemia
982 5006 1164 5069 eloquentiae,
1184 5006 1312 5066 bonores,
1333 5020 1414 5069 apes,
1433 5024 1492 5074 prs-

164 5106 190 5144 re
207 5095 236 5142 in
254 5092 338 5143 altum
362 5099 493 5142 terrarum
517 5088 605 5140 artem
629 5088 739 5139 delatas.
776 5088 809 5137 iit
847 5091 1120 5154 tiam..patenuam.r
1142 5084 1230 5137 Doro.
1251 5109 1280 5121 -
1301 5091 1491 5151 composita·-

163 5172 222 5225 ideo
239 5184 288 5237 epo
305 5170 511 5226 adulescentulos
526 5169 647 5222 sublima
663 5169 692 5219 ist
717 5167 811 5219 sriruiis
846 5181 875 5219 rs
882 5163 1000 5231 pntttm]
1015 5178 1084 5218 nuuc
1094 5165 1319 5227 suevespastsua.
1334 5192 1361 5205 -
1376 5167 1490 5238 saperet]

197 5265 300 5320 isaim
333 5265 367 5320 11.
1179 5261 1219 5327 33
