3725 5892
554 1548 622 1635 10.
655 1546 943 1634 ouspuuls
974 1548 1205 1636 ouuauu

484 1684 488 1703 ’
675 1735 1085 1815 unumunurm

770 2008 992 2023 ,-

273 2244 392 2314 Baiteri
413 2247 477 2310 mci
498 2245 598 2310 amica
619 2254 652 2310 et
681 2244 805 2312 aemdua
837 2267 897 2333 ope
924 2244 1038 2321 iretur,
1070 2245 1280 2330 quodeunque
1312 2248 1423 2332 potui,
1462 2245 1551 2313 effeci

207 2386 240 2453 iu
285 2386 500 2453 conutituemla
540 2387 675 2454 lectione
717 2386 815 2452 Taciti
850 2387 1014 2451 Annalium
1054 2393 1086 2452 et
1126 2389 1337 2451 Historiarum
1382 2408 1423 2451 cx
1465 2385 1552 2453 libris

206 2524 378 2605 Mediceia3
411 2526 524 2614 quodsi
557 2528 626 2614 quia
657 2527 736 2593 aliua
766 2529 886 2592 maiora
915 2534 1010 2613 atque
1047 2525 1207 2593 exactiore
1237 2524 1363 2592 eoadem
1384 2526 1551 2593 revolvens

206 2668 425 2751 praestiterit,
448 2688 586 2733 summae
608 2667 638 2734 ei
659 2666 775 2752 gratias
796 2665 995 2734 habebimus.

276 2842 378 2909 Simili
404 2842 510 2910 studio
538 2846 572 2910 iu
592 2844 749 2929 lancata
780 2847 847 2910 Vita
868 2842 1036 2931 Codicibue
1058 2846 1138 2910 ΓΔ
1165 2864 1241 2907 usuc
1270 2863 1361 2918 sum,
1396 2850 1551 2930 quatenus

207 3002 322 3049 eorum
350 2983 500 3051 lectiones
529 2984 632 3051 adhuc
659 2987 883 3063 innotuerunt3
921 2987 1021 3051 multo
1042 2982 1135 3068 plura
1157 2984 1241 3049 euim
1264 2991 1297 3048 et
1317 2984 1512 3047 accuratiora
1532 3004 1552 3047 a

206 3125 332 3190 Wexic
354 3124 521 3210 aliquando
543 3122 811 3192 subministratum
832 3124 873 3191 iri
902 3144 1083 3209 speramus3
1119 3126 1240 3189 interea
1266 3131 1372 3188 tameo
1401 3121 1452 3188 vel
1473 3124 1551 3188 Pro·

208 3285 354 3351 mmma
375 3264 444 3330 eius
464 3265 664 3332 utilissimum
684 3264 762 3331 milri
782 3263 854 3332 suit.

277 3443 314 3506 lu
337 3443 501 3508 Germania
522 3449 553 3507 et
573 3444 702 3526 Dialopo
729 3450 801 3508 aute
828 3463 940 3507 omues
962 3463 1045 3508 nuuc
1074 3395 1253 3528 sequendus
1275 3449 1342 3507 erat
1364 3439 1440 3507 Cod.
1464 3438 1551 3505 Peri·

208 3581 364 3648 nonianus
405 3580 713 3668 praestantissimus,
759 3583 849 3648 cuius
886 3580 1115 3667 diligentiorem
1149 3582 1315 3648 Troasiaua
1348 3582 1549 3646 collationem

207 3722 319 3808 piures
347 3730 419 3788 aute
447 3742 547 3787 aunon
576 3725 615 3788 ab
648 3722 749 3788 amico
778 3720 971 3806 Boeckingio
998 3722 1174 3807 gratissimo
1205 3724 1289 3786 douo
1312 3729 1470 3807 acceptam
1492 3738 1550 3806 per

208 3863 319 3928 nendo
352 3883 447 3949 quem
479 3882 621 3929 errorem
660 3870 772 3948 postea
806 3861 879 3928 huic
918 3864 1037 3941 tribui3
1075 3882 1184 3928 verum
1217 3860 1348 3927 eandem
1382 3862 1549 3926 Francisce

208 4002 332 4068 [littero
354 4004 464 4068 deberi
488 4010 580 4067 etex
601 4002 693 4069 huius
714 3999 837 4068 schedia
858 4024 877 4068 a
898 4024 932 4068 se
961 4011 1080 4070 mutum
1107 4001 1325 4087 transcriptam
1356 4021 1445 4077 ease,
1481 4000 1549 4088 ipse
1609 3962 1612 3971 ¹

208 4141 422 4228 Boeckingiua
443 4141 504 4207 hoe
532 4162 640 4208 menae
669 4144 848 4229 Septembri
871 4143 1019 4209 Turicum
1047 4163 1156 4208 rursus
1183 4144 1287 4207 virens
1314 4140 1392 4206 mihi
1418 4100 1548 4206 testatur¹

211 4290 273 4347 eat.
321 4282 380 4347 ilic
417 4282 512 4367 igitur
551 4282 782 4349 involuntariae
813 4286 987 4350 memoriae
1017 4283 1123 4367 lapsus
1155 4279 1271 4368 ubique
1303 4288 1339 4346 ut
1371 4280 1548 4364 corrigatur

209 4420 346 4487 lectoren
377 4441 503 4506 precor.
554 4421 832 4511 Doederleiniauae
863 4423 1019 4490 Editiouis
1054 4425 1125 4488 Vol.
1156 4426 1196 4489 11.
1231 4429 1305 4487 tuuc
1336 4423 1463 4486 demum
1496 4440 1547 4482 me

212 4563 379 4627 consulere
404 4562 561 4646 potuisse,
598 4581 670 4627 cum
698 4582 815 4650 operae
843 4565 969 4630 iamiam
999 4565 1032 4629 iu
1053 4562 1185 4649 Dialogo
1218 4571 1387 4647 occupatae
1420 4565 1548 4634 essent,

212 4721 404 4788 magnopere
426 4701 529 4771 doleo.

278 4879 370 4956 Quod
390 4887 494 4947 autem
527 4879 566 4947 ad
594 4889 691 4947 totam
718 4881 873 4949 rationem
907 4884 1048 4948 criticam
1077 4884 1231 4968 pertinet,
1265 4902 1327 4946 uon
1357 4881 1424 4945 aine
1456 4880 1549 4964 gravi

215 5016 351 5102 quadam
372 5022 467 5087 animi
488 5021 631 5088 molestia
651 5021 810 5090 fatendum
834 5033 898 5102 eat,
935 5024 981 5090 uti
1001 5044 1053 5089 me
1073 5044 1138 5091 nou
1159 5023 1299 5107 potuisse
1320 5021 1548 5106 permultorum
