3725 5892
606 463 725 530 LIBER
745 463 787 530 ii.
833 460 908 549 Cep.
931 460 965 529 i.
987 464 1019 530 1.
1042 462 1073 528 d.
1462 465 1504 532 17

168 625 248 692 exitu
272 622 403 692 demum
424 622 559 692 Neronis
582 622 694 710 poritie
722 621 804 689 odiir
827 621 861 689 iu
883 623 1023 690 medium
1047 620 1251 700 conenlncro,
1284 621 1421 709 primum
1444 643 1504 709 per

166 742 297 806 amiroe:
334 740 409 804 dein
427 739 597 823 praecipua
615 735 803 804 concordiae
819 734 899 803 lidee
923 735 1012 802 Titne
1034 757 1133 821 prava
1158 734 1328 804 cortamina
1343 739 1503 806 communi

165 851 295 918 utilitate
313 850 510 926 aboleverat.
531 856 644 916 natura
665 857 760 936 atque
783 857 850 915 erte
865 849 1059 935 compositus
1073 848 1244 917 alliciendis
1259 849 1353 916 ctiam
1366 850 1502 918 Muciani

165 967 318 1033 moribue.
343 962 462 1032 tribuni
475 965 738 1051 centurionesque
756 971 788 1030 et
802 961 912 1047 volgum
931 962 1065 1030 militum
1083 961 1255 1040 industria,
1278 962 1422 1042 licentia,
1444 985 1502 1053 per

164 1081 312 1157 rirtutee,
346 1100 405 1165 per
425 1077 618 1164 voiuputee,
645 1084 682 1143 ut
703 1078 817 1165 cuique
837 1075 1017 1163 ingenium,
1051 1074 1314 1148 admiscebantur.
1351 1075 1395 1163 (c)
1415 1086 1526 1146 anto-e

163 1214 257 1283 quam
275 1195 366 1261 Titue
384 1189 580 1267 adventaret,
601 1197 832 1260 sacramentnm
847 1189 981 1257 Othonis
1001 1197 1163 1277 acceperat
1180 1196 1312 1279 uterque
1326 1189 1500 1269 exercitur.

162 1305 408 1396 praecipitibus,
430 1312 467 1372 nt
485 1304 620 1381 aduolet,
641 1304 776 1383 nuntiie,
799 1311 832 1370 ct
852 1305 944 1370 tarda
964 1305 1049 1370 mole
1067 1302 1167 1369 civilie
1188 1300 1277 1381 loelli,
1300 1301 1386 1390 quod
1407 1303 1502 1389 longa

163 1421 335 1489 concordia
355 1422 480 1508 quietus
499 1419 611 1485 Orione
630 1427 704 1486 tunc
723 1416 860 1505 primum
879 1419 1023 1502 parabat.
1060 1437 1197 1504 namque
1217 1418 1294 1483 olim
1311 1415 1503 1485 relidieeima

161 1535 243 1608 inter
259 1555 296 1601 ee
312 1533 428 1600 civium
444 1554 531 1600 arma
548 1530 581 1599 in
602 1531 690 1598 ltalia
713 1530 852 1602 Galliave
875 1527 995 1597 viribus
1017 1528 1196 1596 Occidentis
1209 1537 1335 1616 coopta;
1357 1537 1389 1598 et
1408 1531 1502 1599 Pom·

161 1648 254 1736 poio,
279 1646 404 1724 caceio,
425 1650 545 1723 Bruto,
566 1645 721 1722 Antonio,
744 1665 824 1732 quoe
847 1663 956 1710 omnce
977 1650 1063 1709 trane
1083 1662 1171 1709 mare
1190 1650 1333 1711 eecutum
1347 1652 1396 1711 eet
1409 1646 1540 1712 civiletc

162 1760 298 1836 bollum,
320 1757 405 1825 hand
420 1761 567 1847 prosperi
586 1760 687 1826 exitus
702 1756 843 1836 fuerant3
872 1756 1036 1843 auditique
1057 1756 1182 1844 raepiue
1206 1756 1239 1823 in
1260 1759 1349 1844 Syria
1371 1755 1502 1828 iudaea·

162 1895 222 1963 que
240 1874 393 1940 Caeaarce
414 1893 508 1960 qnam
525 1871 669 1958 inspecti.
693 1869 778 1938 nulla
791 1871 903 1938 ecditio
918 1869 1077 1955 legionum
1084 1892 1094 1950 ;
1118 1876 1236 1936 tantum
1253 1873 1405 1938 advoreua
1427 1873 1503 1938 Par-

161 1991 231 2054 thoe
246 1986 365 2064 minae.
388 1986 476 2054 vario
491 1994 616 2052 eventu.
648 1992 680 2050 et
694 1986 841 2072 proximo
861 1982 946 2050 cirili
963 1982 1049 2050 bello
1072 1985 1205 2050 turbatio
1227 1983 1296 2050 aliie
1317 1987 1504 2053 inconcueea

160 2098 204 2166 ilii
226 2121 310 2187 pa13
335 2102 409 2166 dein
430 2097 509 2167 fidce
528 2120 604 2184 erga
623 2097 763 2165 Galbam.
784 2118 876 2172 mor,
898 2103 936 2163 ut
950 2098 1106 2164 Othonem
1126 2118 1163 2164 ac
1182 2096 1343 2167 Vitellium
1360 2099 1503 2166 eccleetie

160 2216 258 2280 armie
287 2233 340 2280 ree
367 2216 523 2280 Romanae
551 2220 674 2298 mptum
700 2210 749 2276 ire
770 2208 931 2294 volgatum
954 2218 1018 2287 cet,
1051 2232 1092 2277 ne
1115 2231 1212 2298 pcnee
1233 2219 1355 2279 ceteroe
1375 2214 1539 2300 imperiire

160 2325 319 2414 praemia,
353 2346 451 2414 pence
473 2329 559 2410 ipeoe
585 2333 705 2391 tantum
725 2322 845 2391 eerritii
865 2325 1035 2389 necessitas
1061 2331 1162 2403 estet,
1194 2323 1332 2394 uenere
1351 2324 1443 2394 milet
1470 2334 1504 2393 et

161 2439 246 2506 riree
269 2460 341 2505 euee
356 2439 607 2525 circumspicere.
632 2446 751 2525 eeptcm
770 2435 911 2521 legiones
930 2438 1036 2502 etatim
1051 2443 1168 2504 etcum
1182 2437 1363 2523 ingentibus
1375 2437 1502 2505 auxiliis

162 2555 255 2644 Syria
273 2555 470 2637 ludecaqnc;
500 2550 573 2618 inde
599 2550 748 2618 continua
767 2553 925 2638 Aegyptus
946 2548 1088 2637 duaeque
1109 2550 1270 2636 legiones,
1291 2553 1366 2618 hinc
1383 2553 1503 2640 Cappa-

161 2666 255 2733 docia
283 2667 463 2753 Pontusque
494 2672 526 2732 et
550 2667 700 2752 quicquid
728 2671 902 2731 castrorum
926 2662 1083 2731 ermenus
1103 2666 1331 2749 praetenditur.
1374 2666 1449 2732 daia
1470 2671 1503 2734 ct

230 2849 259 2899 1.
278 2842 350 2898 exitii
367 2846 406 2899 ii.
425 2871 458 2883 -
486 2844 511 2896 3.
531 2845 578 2897 ult.
598 2846 642 2900 ii:
669 2844 777 2897 (11111.
799 2870 828 2881 -
858 2847 974 2897 moctortt
998 2845 1038 2898 it.
1066 2869 1100 2885 -
1127 2847 1155 2898 7.
1172 2847 1352 2910 procurrit.
1383 2848 1503 2903 Corrcrit

161 2918 321 2972 Beroaidm.
340 2942 372 2956 -
401 2917 461 2970 eti.
480 2917 526 2969 tt:
545 2931 597 2968 cte.
615 2918 647 2968 ii.
670 2941 702 2954 -
729 2916 756 2969 8.
774 2928 900 2980 moquoe
918 2916 957 2969 11.
977 2940 1009 2954 -
1036 2916 1063 2967 ii.
1085 2924 1180 2981 coepto
1197 2919 1236 2970 11.
1257 2944 1288 2958 -
1316 2922 1359 2973 11.
1381 2921 1502 2989 cdtttque

160 2989 198 3040 ι
218 3011 254 3025 -
274 2990 318 3041 11.
335 3001 434 3053 puroet
451 2995 569 3042 eceteror
584 3012 595 3025 ·
612 3014 623 3025 ·
639 3000 736 3053 poetice
753 2987 792 3040 it.
812 3011 844 3024 -
863 2988 907 3039 te.
927 2988 1042 3072 quicquit
1059 2987 1097 3040 it.
1116 3014 1150 3025 -
1167 3002 1236 3055 erpo
1253 2989 1292 3043 it.

193 3145 222 3197 ⁵.
243 3143 303 3195 etto
320 3137 446 3206 11111111]
471 3142 568 3203 olivio,
596 3141 671 3195 tacite
691 3141 813 3206 parentii,
850 3142 1005 3195 uoeunun
1030 3145 1157 3209 inriguam
1182 3143 1346 3201 πολιτικόν.
1378 3148 1503 3204 Ceterum

161 3223 200 3292 τῷ
227 3219 362 3286 τυχόντι.
383 3247 411 3260 -
432 3223 521 3286 optior
546 3220 679 3288 remorre]
707 3224 812 3275 utiocto
851 3224 892 3274 hir
910 3224 944 3275 de
962 3224 1088 3276 Muciano
1107 3225 1175 3279 addc
1193 3238 1273 3288 tupra
1291 3228 1403 3290 dictat,
1421 3233 1466 3281 11).

161 3317 221 3356 cun
244 3303 397 3365 etoonttntr
420 3301 541 3356 renuunt
569 3304 658 3368 optior
689 3305 813 3355 eumont.
885 3303 912 3354 d.
932 3304 1014 3356 turdo
1031 3301 1108 3368 raoie]
1131 3311 1175 3357 eet
1194 3306 1268 3360 tarde
1292 3308 1428 3362 dumtaxat
1453 3320 1504 3362 neu

161 3383 228 3435 liam
252 3382 393 3434 adfirmant
417 3394 474 3432 roc.
501 3384 591 3444 optior
617 3382 696 3435 dandi
726 3396 813 3435 caeutn
851 3386 908 3436 eine
922 3385 1253 3449 muitteircumtpeetiooe
1269 3390 1503 3453 euectptetatort·

162 3467 309 3528 requirere.
340 3461 375 3512 11
394 3462 501 3514 Tacitae
522 3475 574 3514 non
594 3464 620 3513 io
645 3477 676 3515 eo
703 3469 758 3524 ert,
785 3469 816 3513 ut
851 3476 897 3514 eut
912 3465 988 3517 etrite
1001 3465 1127 3516 tretium.»
1141 3488 1173 3504 -·
1186 3481 1265 3533 quem
1278 3467 1399 3534 inspecti]
1418 3469 1504 3535 Quip-

162 3546 250 3604 dteat,
277 3543 310 3594 ad
339 3555 418 3606 quam
438 3557 493 3595 rem
512 3544 666 3605 educimur,
695 3544 742 3596 red
760 3556 812 3606 qua
852 3556 884 3607 ρο
903 3545 990 3596 nuliue
1009 3545 1045 3597 111
1065 3545 1151 3596 iuerat
1170 3554 1228 3609 poet
1241 3547 1378 3601 Caerarem
1391 3549 1501 3603 Germe·

163 3629 188 3676 ia
208 3638 238 3675 re
256 3626 345 3688 aptior
362 3622 451 3675 luerit
489 3623 534 3674 Sic
559 3621 590 3674 (2.
618 3621 661 3674 uc.
682 3625 814 3675 Antoniae
851 3626 950 3675 nicutn.
971 3650 1001 3664 -
1020 3627 1098 3676 oeric
1116 3621 1216 3690 eueuttt]
1241 3628 1354 3690 Reepiee
1376 3630 1410 3680 ad
1427 3632 1499 3682 Anu.

162 3706 728 3767 dicimreererooepromptuqquamqoam
743 3706 812 3754 Ann.
852 3703 1020 3757 111117.
1054 3706 1098 3757 Sic
1120 3719 1175 3758 noo
1202 3720 1268 3769 oput
1286 3708 1498 3761 noieaittoeao.

162 3787 189 3846 t.
206 3784 258 3836 te:
276 3783 569 3845 euuontpromptora
586 3783 705 3847 tegimur.
730 3784 813 3836 utori-
851 3783 956 3835 Oeear..
978 3808 1007 3822 -
1027 3784 1238 3851 circueuptcere]
1265 3787 1312 3839 eid
1337 3795 1393 3847 eet.
1423 3790 1500 3842 latei·

163 3878 232 3924 run.
252 3865 299 3928 qul
324 3874 445 3912 emona
466 3871 620 3927 promptae.
647 3867 668 3914 tt
689 3870 813 3928 precepto
850 3866 925 3916 iectia
942 3864 1042 3916 rtrtbue
1060 3870 1115 3918 euie
1128 3871 1312 3931 arrogantiam,
1325 3870 1418 3920 eaitettt
1431 3868 1501 3921 ildu-

163 3952 346 3998 crimene.
367 3942 412 3993 Sic
430 3944 520 4007 optior
538 3955 654 3994 cerotem
681 3943 750 3994 idem
774 3951 814 3996 ert
850 3948 916 3995 ciero
935 3958 1069 3998 tumere.»
1088 3947 1158 3998 liert.
1178 3972 1212 3984 -
1231 3947 1348 4012 duceque
1371 3946 1498 4015 teqwnetl

163 4029 209 4088 eet
232 4026 337 4089 epttore
356 4036 492 4082 enmono.
511 4029 541 4073 ut
558 4024 811 4085 accipteruntcorn.
851 4025 959 4077 «Peniio
984 4026 1059 4078 aliter
1082 4026 1133 4078 itoc
1156 4027 1228 4078 oiim.
1251 4027 1317 4079 llam
1341 4027 1372 4080 C.
1392 4028 1499 4092 Caatar,

163 4115 189 4158 et
201 4105 292 4165 spir.»
311 4103 434 4155 Wecrtr.
457 4103 580 4155 ceterum
598 4103 648 4154 iioc
661 4104 810 4167 etentecatc
850 4107 968 4171 Aegypto
980 4105 1093 4166 devicta,
1108 4115 1160 4161 tree
1171 4113 1198 4158 tn
1209 4120 1240 4160 ea
1252 4107 1368 4171 legionct
1381 4108 1498 4175 reitqatt.

163 4187 283 4236 uuiaet
302 4185 426 4236 maioteee
444 4185 616 4234 termocioari
643 4196 704 4234 cum
728 4183 814 4233 Muci·
850 4187 950 4238 Auctor
969 4186 1111 4238 Suetonius
1124 4190 1150 4239 io
1164 4188 1216 4238 lui.
1228 4188 1274 4239 711.
1288 4187 1424 4254 toguetot
1437 4202 1499 4244 ecte

163 4277 224 4324 aao,
243 4266 344 4327 qnippe
364 4266 409 4327 qui
429 4261 529 4315 iaetttor
547 4262 626 4314 iucrtt
644 4270 672 4315 et
689 4265 813 4315 comitate
850 4279 990 4318 numerum
1009 4269 1127 4327 retinnit.
1147 4270 1226 4320 immo
1246 4275 1272 4321 et
1285 4268 1427 4321 Tinertuer
1446 4269 1498 4321 euti

164 4357 221 4396 ecee
240 4344 441 4401 commendarit.
464 4355 522 4394 cum
542 4343 719 4406 verpatiaoue
737 4355 813 4405 atpa-
851 4359 903 4408 quo
923 4345 1017 4396 Strabo
1035 4360 1098 4399 eane
1116 4348 1188 4407 rtrtt,
1215 4354 1242 4399 et
1260 4348 1326 4401 hacc
1343 4352 1448 4413 acripait
1464 4350 1496 4401 i..

164 4428 218 4476 rior
235 4431 397 4487 eeeetatque
412 4425 549 4475 moroetor.
564 4447 596 4460 -
610 4423 812 4487 diepoattupro·
851 4427 892 4478 17.
918 4438 945 4488 ρ.
968 4426 1036 4477 tete
1057 4420 1141 4479 “dore
1162 4426 1193 4479 ct
1215 4424 1253 4491 (itt
1277 4428 1406 4494 Aegypto)
1430 4431 1498 4499 epla

163 4507 270 4570 utruque
286 4505 402 4555 ctotttum
420 4500 517 4567 roura}
544 4502 610 4554 Cum
630 4502 728 4555 Sariiio
748 4503 812 4554 1οοο
849 4501 1001 4573 τάγματα,
1029 4497 1070 4557 ὧν
1094 4504 1128 4557 τὸ
1161 4501 1196 4558 dr
1225 4507 1301 4560 nord
1331 4507 1386 4575 triv
1411 4506 1497 4561 reditu

163 4597 226 4636 tane
244 4583 444 4649 contenente,
469 4596 639 4646 nequaquam
665 4585 811 4646 reparanda
848 4583 971 4655 teporat.
992 4577 1083 4636 edita
1100 4583 1123 4636 δ’
1135 4582 1167 4636 lv
1184 4583 1220 4659 τῇ
1238 4584 1330 4660 χώρᾳ.
1350 4587 1403 4639 Soti
1417 4586 1497 4641 Trite·

164 4675 223 4715 eom
241 4663 384 4720 Gronoeio.
404 4665 450 4726 qut
468 4665 625 4724 opinabatur
636 4676 678 4714 rr.
697 4664 812 4715 etodium
849 4667 902 4713 riut
928 4669 1016 4714 tamen
1042 4676 1094 4714 non
1117 4666 1144 4715 in
1169 4664 1286 4730 longum.
1322 4669 1399 4718 Anao
1426 4671 1496 4720 cotta

164 4756 251 4794 rm
276 4756 327 4794 non
352 4746 485 4805 pertinere
509 4745 541 4795 ad
568 4758 593 4796 r.
613 4743 755 4806 uopoutu,
782 4751 811 4794 ut
849 4744 952 4804 imperii
971 4745 1028 4795 etue
1047 4757 1117 4795 nono
1136 4743 1242 4797 Tacitue
1262 4747 1330 4797 ciere
1349 4746 1415 4798 duee
1440 4753 1495 4799 iao·

164 4824 293 4886 otgotecet
310 4824 417 4875 Tacitae
436 4823 607 4875 «Mucianum
623 4824 810 4887 elegantiorem
849 4831 903 4873 tum
923 4822 1037 4886 iegtoaea
1062 4823 1180 4889 Aegypto
1204 4825 1351 4883 adtribuit:
1377 4825 1493 4887 11111,

166 4901 243 4956 ῐοΙοοο
261 4908 289 4954 ite
315 4904 486 4966 diopetitione
510 4910 537 4954 et
560 4904 650 4955 ordine
675 4905 810 4967 omnium,
849 4903 883 4954 5:
904 4902 997 4954 cetero
1013 4901 1118 4966 Africae
1133 4916 1182 4966 per
1198 4905 1267 4956 duce
1291 4905 1404 4970 ltqtottet
1420 4908 1494 4968 pert·

166 4995 232 5046 qaae
250 4990 340 5048 ageret
354 4987 476 5045 circaque
490 4984 627 5034 haberet.»
647 4981 811 5047 Quinimmo
850 4996 896 5045 que
907 4996 1017 5035 nurum
1029 4983 1172 5050 Aeqqptue.
1187 4984 1304 5038 obteret
1317 4998 1378 5050 ergo
1391 4986 1492 5046 obiter.

165 5063 216 5114 aee
228 5063 297 5124 ruit,
318 5064 504 5124 Veepartanum
523 5062 603 5115 iuieee
622 5065 704 5114 rirum
718 5064 811 5115 miitta·
851 5063 937 5125 pantio
950 5068 1047 5116 certior
1057 5068 1090 5117 de
1101 5064 1237 5117 strabonis
1248 5067 1401 5128 ecrtpttooe,
1413 5077 1493 5132 queat

167 5144 466 5210 tananttqoteeiuctirue
479 5156 562 5209 prope
575 5143 810 5209 aequiparandum,
850 5144 922 5197 tidce
941 5157 1000 5197 eum
1019 5145 1127 5202 cotiae
1144 5153 1205 5199 ante
1229 5146 1299 5198 hunc
1321 5157 1421 5199 notrum
1447 5146 1493 5200 tt-
