3725 5892
677 473 877 541 ursaceus
912 471 986 560 cap.
1010 475 1039 539 1.
1467 464 1530 530 sse

227 633 417 694 numesius.
443 649 490 686 noa
510 649 562 686 esee
580 643 697 690 uatomm
716 635 811 695 riuum,
837 634 881 688 scd
899 634 1034 686 bernium:
1059 638 1101 686 11.
1125 631 1261 699 muntem
1280 629 1381 696 denique
1400 637 1424 680 et
1442 623 1530 676 οιΙιιιιι

228 710 351 760 oratorium
363 711 520 776 impetumque
532 720 636 764 veteram
647 712 714 777 lonpe
724 711 901 777 praeferendum
918 726 968 761 esse
980 713 1105 762 verborum
1122 708 1243 767 lasciriae,
1262 706 1348 756 levitati
1366 703 1530 756 sentcnuerttm

228 795 252 835 ei
267 787 437 851 compositionis
454 786 576 847 licentiae,
597 787 620 836 in
638 787 720 852 quibus
737 787 780 835 sibi
797 785 903 851 placeant
918 788 1067 838 recentiores.

260 864 365 912 17-19.
380 861 490 914 fleterne
508 863 591 914 iterum
612 871 707 926 mpsim
727 861 828 912 liessaia
844 863 925 912 transit
942 862 972 912 ad
989 861 1139 927 explicandas
1150 855 1230 910 aium
1241 866 1362 923 corruptae
1373 856 1530 921 eloquentiee,

228 937 313 1001 primas
330 953 383 986 rere
398 947 422 987 et
436 937 570 1003 praecipuas
587 947 651 1003 putat
667 936 780 987 desidiam
796 937 919 986 iuventutis
935 946 958 987 ct
970 939 1133 1006 negligentiam
1144 946 1265 1001 parentum
1277 944 1300 984 et
1311 933 1453 984 inscientiam
1465 946 1532 995 prac-

228 1013 475 1078 cipiantiurnetmoris
486 1013 573 1078 antiqui
585 1013 731 1063 oblivionem,
767 1013 851 1063 liheros
872 1013 934 1063 enim
950 1029 997 1062 non
1016 1014 1063 1063 iam
1080 1012 1174 1062 educari
1189 1012 1212 1060 in
1232 1009 1319 1075 peroio
1339 1024 1366 1058 ac
1384 1010 1435 1057 sina
1455 1016 1532 1057 castae

228 1088 307 1137 matris
328 1098 367 1138 aut
386 1104 399 1136 a
416 1088 543 1154 propinqus
560 1089 647 1140 maiore
663 1097 732 1147 natu,
755 1088 799 1139 sed
814 1088 944 1140 Graeculae
961 1090 1057 1140 ancillae
1074 1089 1176 1153 delegari
1191 1098 1215 1137 et
1231 1088 1316 1145 serris,
1335 1101 1350 1135 a
1366 1085 1449 1149 quibus
1461 1083 1532 1134 teneri

228 1178 309 1214 eorum
328 1163 398 1213 animi
419 1164 516 1223 labulis,
552 1164 668 1214 erroribus
688 1165 793 1228 vitiisque
818 1164 958 1216 imbuantur.
995 1166 1100 1212 30-33.
1125 1162 1252 1213 eorundem
1277 1161 1393 1225 ingenium
1415 1175 1479 1218 non,
1508 1166 1534 1211 ct

229 1238 360 1303 qerondam,
378 1254 458 1289 serera
471 1239 589 1305 disciplina
601 1249 624 1289 et
635 1239 722 1289 infinito
734 1239 813 1289 labore
825 1248 848 1288 et
859 1238 991 1304 quotidiana
1003 1238 1151 1289 meditatione
1162 1247 1185 1288 et
1202 1239 1224 1286 iu
1236 1239 1297 1286 omni
1310 1252 1393 1299 genere
1405 1233 1533 1284 studiorum

228 1314 429 1366 exercitationibus
444 1316 538 1368 Iermari
553 1326 622 1379 atque
639 1315 728 1380 subigi,
747 1315 789 1366 sod
805 1315 828 1364 in
845 1315 941 1379 pueritie
959 1324 982 1365 et
999 1316 1117 1364 iurentute
1128 1316 1185 1364 nihil
1196 1313 1268 1371 (fisci,
1286 1312 1348 1376 quod
1360 1327 1429 1370 uenus
1440 1309 1532 1359 haheat.

228 1388 281 1437 hinc
298 1389 415 1453 antiquum
427 1390 580 1455 eloquentiam
597 1407 626 1440 cx
642 1392 745 1442 omnium
762 1405 840 1439 rerum
857 1390 950 1439 scientia
967 1390 1116 1456 pluribusque
1135 1390 1221 1444 artibus
1239 1387 1368 1438 exundasse
1385 1396 1408 1436 et
1419 1394 1534 1448 oratorem

228 1465 329 1530 potuisse
348 1464 378 1514 de
393 1467 455 1515 omui
473 1467 606 1530 quaestione
622 1467 717 1531 pulchre
734 1476 756 1516 et
771 1475 852 1515 ornate
869 1475 892 1515 et
906 1466 969 1515 uarie
986 1475 1010 1514 et
1026 1466 1056 1514 ad
1071 1465 1258 1531 persuadendum
1275 1472 1329 1527 apte
1340 1462 1432 1519 dicere;
1452 1460 1534 1509 horum

228 1558 283 1592 reso
293 1549 425 1605 temperata
437 1541 549 1600 disertm,
567 1542 638 1594 aridis
650 1541 768 1594 rhetorum
778 1541 907 1605 praeceptis
923 1540 1069 1606 ordinisque
1085 1541 1251 1591 sordidissimis
1268 1547 1401 1597 maternos,
1418 1551 1535 1601 gramme·

229 1619 299 1677 tices,
318 1618 395 1680 legum
412 1625 436 1665 et
453 1616 612 1682 philosophiae
631 1617 722 1680 ignaros
739 1631 798 1665 esso.

261 1694 300 1741 ss.
319 1694 359 1740 iti.
378 1691 484 1741 Materno
503 1691 586 1742 deinde
604 1692 709 1742 hortante
724 1692 827 1742 Messala
844 1691 991 1757 progreditur
1007 1691 1037 1740 ad
1055 1691 1124 1741 aliam
1139 1699 1260 1757 corruptae
1276 1691 1420 1755 eloquentiae
1432 1703 1534 1746 causam,

228 1768 258 1818 ad
269 1767 379 1820 esiroiam
391 1768 539 1831 antiquorum
550 1777 667 1820 oratorum
679 1778 702 1818 ct
713 1782 845 1834 perversam
857 1769 1011 1827 recentiorum
1023 1768 1218 1818 exercitationem.
1243 1768 1337 1817 iuuenes
1348 1767 1417 1826 dicit,
1436 1766 1536 1816 imbutos
1598 1803 1602 1820 .

229 1847 275 1894 iarn
287 1842 413 1892 domestica
425 1843 558 1908 disciplina,
577 1843 678 1893 honestis
688 1843 770 1893 studiis
781 1845 878 1893 relertos
890 1858 917 1892 ac
928 1845 988 1894 bene
999 1853 1162 1909 praeparatos,
1180 1859 1193 1891 a
1204 1852 1272 1908 patre
1283 1843 1339 1892 olim
1355 1844 1391 1893 vel
1402 1841 1536 1908 propinquis

229 1921 301 1971 baisse
316 1917 427 1967 deductos
444 1918 474 1966 ad
490 1919 604 1985 principes
620 1928 752 1979 oratorum,
776 1933 833 1984 quos
854 1920 936 1970 sectati
953 1920 976 1968 in
992 1920 1097 1978 iudiciis,
1119 1921 1169 1968 ioro
1185 1919 1375 1983 motionibusque
1393 1933 1493 1983 pugnare
1514 1916 1536 1965 in

231 1996 279 2060 ipsa
296 1994 365 2043 veluti
381 2009 452 2042 arena
469 2005 492 2044 et
508 1995 557 2044 acie
573 1993 720 2053 didicissent;
738 2005 762 2043 at
777 2010 838 2046 nunc
855 1994 992 2044 educatione
1008 1994 1160 2060 depravatos,
1180 1995 1263 2042 inscios
1274 2010 1302 2043 ae
1312 2004 1429 2059 torpentes
1440 1991 1537 2040 transire

229 2072 253 2122 in
264 2071 382 2122 rhetorum
394 2069 499 2128 scholas,
517 2070 635 2134 inquibus
647 2070 694 2119 duo
705 2071 855 2120 materiarum
867 2087 966 2134 genera,
981 2071 1099 2120 suasoriae
1111 2079 1134 2119 ct
1145 2069 1328 2128 conuoremiae,
1343 2078 1481 2126 tractentur,
1494 2080 1538 2116 nec

231 2147 297 2197 facile
308 2144 407 2204 dacus,
426 2155 532 2196 utrumne
543 2147 606 2196 iocus
622 2147 687 2210 ipse,
706 2162 735 2195 an
746 2162 820 2210 penus
830 2145 976 2204 studiorum,
993 2162 1024 2200 aa
1034 2145 1182 2210 conducipnli
1195 2147 1245 2210 plus
1257 2147 1313 2195 mali
1323 2145 1420 2209 ingeniis
1432 2144 1536 2193 silerent.

264 2220 320 2286 [llic
337 2220 454 2272 Messalae
473 2236 551 2271 sermo
569 2223 664 2271 mutilus
689 2231 739 2272 ests
766 2238 820 2272 eum
842 2223 921 2272 statim
942 2222 1061 2286 excepisse
1085 2220 1177 2271 ridetur
1201 2237 1278 2271 sermo
1301 2221 1417 2278 histemi,
1443 2217 1537 2268 interris

231 2306 353 2362 corruptae
370 2295 515 2359 eloquentiae
530 2298 604 2346 caude
622 2306 729 2347 externas
747 2298 888 2347 annectentis
904 2297 947 2346 has
957 2299 975 2360 ε]

264 2374 303 2419 co.
323 2374 362 2419 17.
381 2370 411 2435 α)
428 2372 564 2422 liberiorem
582 2373 612 2421 ad
627 2373 751 2423 dicendum
762 2373 884 2422 materiam
901 2373 971 2421 luisse
989 2371 1118 2421 oratoribus
1135 2372 1250 2438 antiquis,
1267 2370 1415 2436 splendorem
1426 2383 1504 2418 rernm
1515 2373 1539 2416 et

231 2446 413 2511 magnitudinem
430 2463 566 2507 musarum,
591 2449 653 2512 leges
669 2448 783 2512 repandae
800 2458 824 2498 et
846 2448 958 2513 populare
974 2463 1073 2504 nomen,
1097 2446 1213 2496 centiones
1234 2448 1424 2511 magistratuum,
1445 2459 1538 2492 acerim-

232 2522 304 2572 tiones
323 2519 450 2588 potentium
467 2539 559 2573 reorum
578 2532 602 2573 ei
618 2524 744 2587 assignatas
761 2523 831 2573 etiam
848 2523 956 2572 domibus
973 2522 1117 2580 inimicitias,
1141 2537 1263 2584 procerum
1281 2523 1390 2572 laesiones
1407 2529 1430 2570 et
1446 2518 1538 2568 assidua

231 2607 323 2648 senatus
344 2597 454 2648 aduersus
469 2600 561 2664 plebem
582 2599 716 2648 conamina.
750 2599 781 2664 β)
801 2600 890 2648 mamre
909 2598 992 2648 iisdem
1013 2599 1115 2663 praemia
1136 2599 1208 2648 inisse
1226 2598 1356 2663 proposita,
1377 2595 1488 2647 faciliores
1507 2593 1538 2644 ad

230 2689 334 2724 summos
355 2675 453 2725 honores
469 2675 545 2724 aditus
562 2674 692 2739 eloquentia
710 2674 894 2738 patefaciendos,
913 2675 966 2739 plus
982 2673 1044 2739 apud
1060 2675 1175 2739 principes
1191 2669 1216 2724 cl
1230 2674 1376 2738 magistratus
1388 2671 1539 2737 provinciales

232 2750 332 2814 pratiae,
347 2750 410 2816 apud
426 2758 502 2816 patres
514 2750 670 2809 auctoritatis,
688 2749 750 2814 apud
761 2751 854 2816 piebem
865 2750 960 2799 notitiae
972 2765 1000 2799 ac
1010 2751 1124 2809 nominis,
1139 2750 1256 2800 clientelas
1268 2758 1398 2799 exterarum
1410 2747 1537 2805 nationum,

233 2833 352 2889 praeturas
368 2835 393 2876 et
408 2826 547 2876 musulatus.
583 2828 689 2874 dii-Io.
717 2825 744 2891 y)
761 2826 860 2876 formam
877 2833 901 2875 et
920 2826 1110 2876 emunctudiuem
1131 2835 1235 2876 retemm
1254 2824 1391 2875 indiciorum
1410 2823 1540 2874 oratoribus

232 2901 329 2960 larissa,
349 2915 430 2952 causas
440 2902 464 2951 iu
476 2902 539 2960 loru,
555 2916 601 2950 non
612 2901 636 2950 in
647 2900 765 2952 auditoriis
782 2901 930 2951 tabulariisse
948 2901 1089 2965 esplicatas,
1107 2901 1206 2952 liberum
1222 2909 1245 2949 et
1262 2899 1353 2949 dicendi
1365 2909 1389 2949 et
1404 2913 1540 2963 comperen-

232 2974 326 3028 dinendi
345 2986 450 3042 tempus,
468 2977 594 3030 clamorem
613 2985 637 3026 et
654 2976 762 3041 plausum
782 2985 806 3026 et
824 2976 900 3026 studia
917 2977 1026 3028 certantis
1041 2977 1133 3041 popuii,
1158 2990 1209 3025 reos
1225 2990 1338 3025 coneum
1354 2976 1423 3024 totius
1443 2974 1539 3024 ciritatis

233 3060 256 3099 et
275 3063 393 3101 accusatos
412 3063 436 3103 et
454 3051 573 3111 delemus,
600 3052 716 3102 cannones
739 3050 844 3101 assiduas
864 3060 887 3100 et
911 3051 993 3100 mium
1018 3052 1053 3100 ius
1077 3050 1264 3116 potentissimum
1283 3066 1399 3115 quemque
1428 3049 1536 3100 renaudi.

233 3129 273 3175 it).
293 3128 332 3178 Il.
359 3143 433 3192 neque
454 3137 531 3178 umen
556 3137 677 3192 propterea
695 3126 836 3176 laudandam
862 3136 941 3177 censet
959 3127 1079 3179 hlaternus
1103 3126 1253 3177 valentiorem
1278 3125 1446 3190 eloquentiam,
1475 3123 1538 3187 quod

232 3202 352 3263 licentiae,
382 3219 451 3268 quam
474 3203 537 3252 stulti
556 3202 686 3252 libertatem
706 3212 800 3262 vocent,
826 3203 920 3252 alumna
939 3203 969 3251 sit
989 3213 1012 3252 et
1037 3216 1114 3252 comes
1134 3201 1273 3251 seditionum
1293 3210 1315 3251 et
1335 3199 1438 3250 effrenati
1459 3196 1537 3263 popuii

233 3278 413 3329 incitamentum.
449 3294 501 3328 cam
518 3276 612 3342 quidem
630 3279 708 3341 rigere
725 3277 780 3327 dicit
796 3278 820 3327 in
836 3277 978 3336 ciuitatibus,
998 3292 1058 3341 quae
1074 3277 1193 3326 discordiis
1210 3286 1233 3326 et
1247 3277 1350 3341 partibus
1367 3291 1392 3325 se
1409 3276 1472 3339 ipsae
1484 3288 1539 3321 con·

233 3354 322 3413 liciam,
338 3353 381 3404 sed
398 3355 422 3403 in
439 3354 520 3418 quietis
537 3367 565 3401 ac
580 3354 639 3402 hene
656 3352 782 3401 constitutis
794 3368 839 3402 non
850 3367 908 3417 opus
921 3367 972 3402 esse
984 3353 1023 3402 tali
1035 3352 1165 3418 eloquentia
1177 3352 1279 3416 loupisre
1291 3351 1315 3400 in
1328 3361 1409 3401 senatu
1420 3348 1539 3399 sententiis

234 3430 353 3480 simultis
374 3428 437 3495 apud
453 3429 563 3494 populum
584 3428 740 3485 contionibus,
765 3429 836 3477 multo
857 3428 933 3477 minus
952 3428 975 3476 iu
992 3443 1017 3477 re
1034 3427 1144 3493 publica,
1162 3427 1185 3476 in
1202 3443 1247 3491 qua
1264 3442 1309 3474 oon
1326 3425 1425 3492 imperiti
1438 3424 1538 3474 etmulti

234 3506 375 3564 deliberent,
392 3503 435 3553 sed
448 3504 631 3569 sapientissimus
647 3513 670 3553 et
687 3519 752 3553 unus.
789 3503 871 3552 meiius
887 3518 950 3561 esse,
969 3503 1106 3567 conqueri,
1125 3518 1196 3566 quam
1208 3501 1317 3550 vindicari
1334 3510 1371 3558 et,
1390 3500 1409 3549 si
1426 3500 1539 3548 inuenire-

235 3590 270 3629 tur
283 3581 358 3645 aiiqua
371 3580 463 3640 civitas,
482 3581 505 3629 iu
522 3595 566 3644 qua
584 3594 652 3628 nemo
669 3588 792 3644 peccaret,
810 3592 1007 3643 supervacaneum
1020 3578 1068 3627 iore
1080 3578 1139 3626 iuter
1155 3578 1285 3626 irmocentcs
1301 3584 1323 3627 et
1338 3591 1415 3625 mores
1431 3575 1503 3624 bonos
1516 3583 1539 3623 et

234 3656 258 3706 in
274 3656 409 3720 obsequium
426 3656 524 3719 repentis
540 3664 631 3720 paratos
646 3663 760 3703 oratorem
777 3654 836 3702 sicui
851 3653 910 3703 inter
925 3667 995 3702 sanes
1012 3652 1136 3702 medicum.
1171 3652 1305 3715 itaquenon
1317 3650 1458 3708 dolendum,
1476 3648 1538 3713 qnod

234 3733 309 3781 minor
325 3746 385 3779 nunc
399 3741 515 3780 oratorum
531 3731 693 3795 obscuriorque
710 3729 782 3793 gioria
797 3730 841 3788 sit,
865 3728 907 3779 sed
924 3727 1038 3778 utendum
1056 3729 1130 3793 potius
1147 3728 1230 3791 cuique
1250 3728 1317 3776 bonis
1334 3727 1370 3777 sni
1393 3725 1464 3775 seculi
1483 3725 1538 3773 citra
1635 3769 1638 3776 .

235 3806 421 3856 obtrectationem
438 3806 539 3855 alterius.

267 3884 307 3930 11.
325 3882 462 3932 Ilissolritur
478 3880 624 3945 colloquium.
642 3879 765 3946 (Habitum
782 3880 873 3946 fingitur
890 3895 950 3929 anno
965 3879 994 3928 U.
1008 3881 1083 3938 8111,
1104 3895 1127 3944 p.
1146 3876 1203 3927 Chr.
1225 3879 1278 3940 75.)
1295 3876 1326 3926 V.
1344 3875 1482 3925 liscursum.

264 4001 307 4090 (1)
329 4006 428 4089 Saepe
457 4024 497 4068 cx
526 4023 576 4068 me
602 4001 755 4087 requiris,
789 4005 873 4067 lusia
901 3999 995 4079 Fabi,
1025 4021 1101 4076 cur,
1133 4021 1204 4068 cum
1234 4000 1339 4084 priora
1367 3997 1471 4064 secula
1494 4005 1540 4063 tot

202 4116 405 4184 eminentium
441 4124 603 4182 oratorum
638 4114 772 4199 ingeniis
800 4114 963 4200 gloriaque
992 4112 1174 4191 docuerint,
1207 4121 1313 4179 nostra
1340 4110 1537 4199 potissimum

268 4261 343 4312 Notis
361 4273 424 4311 usus
442 4272 500 4311 sum
519 4261 609 4312 hisces
629 4259 666 4309 1²:
693 4258 782 4310 Codex
800 4257 987 4310 Perisouisnus
1007 4262 1141 4319 optimus.
1162 4261 1236 4309 euius
1256 4271 1325 4318 quse
1344 4256 1469 4308 lectiones
1488 4253 1538 4306 dli·

204 4328 293 4381 lerunt
309 4333 343 4382 ab
360 4334 408 4387 tis,
428 4344 493 4394 quas
512 4332 630 4383 euomuit
647 4330 788 4384 Trossius.
818 4329 950 4381 debentur
969 4343 1052 4382 nosse
1071 4335 1097 4380 et
1113 4331 1267 4379 accuratiori
1285 4328 1438 4389 llaeclingii
1460 4326 1490 4375 V.
1505 4326 1535 4376 C.

204 4400 357 4459 collationis
377 4401 438 4453 dedi
457 4401 597 4452 lectionem
617 4404 753 4463 integram.
791 4398 830 4447 Fr
851 4400 916 4449 Cod.
930 4400 1081 4450 farnesiani
1102 4399 1229 4451 lectiones
1247 4399 1371 4464 selectae.
1410 4398 1448 4448 n:
1470 4396 1536 4446 Bai-

203 4472 290 4523 iterus.
328 4472 370 4522 u:
391 4472 560 4523 Doederlein.
599 4471 630 4523 in
649 4472 669 4522 Ρ
686 4472 752 4523 liber
769 4470 936 4522 inscribitur:
956 4469 1127 4522 conuulsi.
1148 4467 1272 4519 rscrrt.
1291 4467 1474 4520 viscosus.
1489 4466 1537 4516 DE

204 4541 431 4594 eustosinus.
451 4541 591 4594 INCIPIT.

274 4652 299 4702 1.
321 4651 390 4701 Iuste
406 4664 538 4713 superscr.
558 4663 573 4699 o
591 4650 621 4700 P.
640 4644 710 4712 (aad
729 4648 928 4712 emuiflcaudum
947 4650 1096 4700 rocatirum
1115 4661 1131 4699 o
1148 4649 1343 4711 superpositum
1363 4650 1417 4704 est,
1450 4652 1476 4694 et
1501 4648 1538 4697 sic

205 4736 250 4781 per
263 4729 346 4773 totum
361 4724 473 4777 librum,
495 4722 645 4783 ubicunque
659 4723 794 4772 rocstieus
808 4722 942 4776 occurrit,
963 4733 987 4769 r.
1001 4733 1027 4770 c.
1042 4720 1160 4770 dicimus
1173 4730 1304 4780 superscr.
1319 4731 1362 4768 a.»
1383 4713 1494 4774 Troes.)
1505 4742 1537 4751 -

204 4794 290 4844 Habet
302 4806 348 4843 eor
358 4807 414 4842 euos
425 4793 455 4843 P.
468 4791 598 4856 (comem.
609 4788 681 4854 13)-
693 4793 718 4840 1.
734 4790 821 4842 flebat
830 4789 971 4856 {inruerint
981 4790 1010 4849 P,
1024 4803 1076 4841 non
1090 4789 1252 4857 emeruerint
1262 4788 1341 4839 Vind.
1355 4787 1422 4838 lidii.
1434 4794 1494 4836 ante
1505 4787 1536 4838 it.

239 4904 263 4952 i.
290 4902 360 4951 Iuste
377 4893 458 4961 Feli]
489 4897 517 4948 Ι..
540 4897 633 4948 Fabius
652 4897 753 4955 iustus,
774 4896 851 4947 Plinii
887 4897 975 4948 Iocum
1003 4897 1033 4947 1..
1063 4897 1161 4948 liuttici
1194 4897 1297 4947 Iuniani
1325 4894 1417 4945 Roiani
1445 4894 1538 4945 consui

204 4981 445 5035 minorisamicus,
464 4978 497 5029 ad
516 4991 595 5040 quern
614 4979 689 5030 datae
709 4979 797 5037 i,ii.
819 4977 850 5036 7,
887 4978 1012 5029 suiiertus
1032 4982 1079 5026 est.
1109 5001 1139 5013 -
1167 4971 1385 5038 prierusecssie]
1405 4980 1466 5025 sate
1484 4975 1538 5025 Au·

204 5061 231 5111 1.
251 5062 381 5122 cuiusque
400 5061 558 5109 mentionem
577 5057 639 5108 iacit
658 5060 684 5116 i,
700 5058 728 5116 c,
742 5056 769 5107 8.
796 5056 851 5107 Sub
886 5061 955 5121 posti
975 5058 1168 5118 principatum,
1188 5064 1217 5107 ut
1236 5056 1265 5109 C.
1285 5055 1336 5105 ie:
1362 5057 1438 5116 prior
1453 5067 1538 5117 pepu-

204 5140 321 5193 Traiano
346 5151 372 5191 a.
401 5152 428 5189 ιι.
455 5149 479 5189 e.
506 5137 568 5190 811.
595 5150 621 5202 p.
649 5136 710 5189 Chr.
735 5136 795 5187 iti.
824 5140 852 5187 in
887 5137 947 5190 les:
977 5137 1045 5187 hun.
1065 5134 1098 5196 1,
1124 5134 1175 5186 ³32
1205 5136 1309 5201 eosqui
1334 5135 1485 5200 scriptores.
1506 5156 1538 5172 -
