3725 5892
603 388 721 456 unua
741 388 795 454 1v.
840 387 912 475 usp.
935 390 987 453 rs.
1010 390 1063 453 re.
1089 389 1140 454 rs.
1474 389 1537 458 ess

206 546 332 618 dixisse
355 553 473 617 terram
494 555 629 616 verbam
651 555 890 637 ceterorumque
911 548 1069 616 Gallorum
1091 548 1222 633 ingressi
1241 556 1314 614 snnt
1327 549 1423 615 duces
1438 547 1538 635 impe·

204 669 389 749 rectoresque
419 663 552 728 Romani
580 661 666 729 nulla
693 662 854 749 cupidine,
887 666 944 728 sed
971 660 1143 728 maioribus
1170 661 1283 728 vestris
1303 658 1535 736 invocantibus,

204 794 284 862 quos
305 774 481 842 discordiae
502 796 603 861 usque
624 778 664 841 ad
684 778 817 844 exitium
845 774 1033 860 fatigabaut;
1067 784 1100 841 et
1124 777 1214 841 acciti
1241 774 1358 842 auxilio
1389 777 1538 841 Germani

204 888 299 956 sociis
320 887 438 976 pariter
458 895 552 974 atque
573 886 715 956 hostibus
737 888 917 956 servitutem
940 888 1156 975 inposuerant.
1180 898 1258 976 quot
1278 887 1403 975 praeliis
1425 887 1538 953 adrer-

204 1021 258 1074 sus
280 999 423 1068 Cimbros
444 1006 682 1087 Teutonosqne,
704 1004 827 1089 quantis
840 1002 1036 1069 exercituum
1050 1010 1229 1068 nostrornm
1250 997 1411 1068 laboribus
1433 1022 1560 1086 queres

205 1124 321 1181 eventu
343 1116 528 1181 Germanica
555 1113 638 1181 bella
666 1118 919 1193 tractaverimus,
953 1116 1028 1182 satis
1049 1119 1180 1182 clarum.
1219 1135 1278 1181 nec
1299 1116 1373 1180 ideo
1393 1117 1538 1181 Rhenum

204 1226 374 1294 insedimus
394 1237 430 1293 ut
450 1229 572 1298 ltaliam
594 1236 771 1304 tueremur,
807 1232 863 1294 sed
891 1250 931 1295 ne
957 1228 1127 1316 quisalius
1147 1227 1324 1295 Ariovistus
1345 1248 1445 1312 regno
1468 1225 1540 1293 Gal·

203 1340 318 1408 liarum
337 1340 502 1428 potiretur.
525 1362 565 1407 an
587 1360 644 1408 vos
664 1343 802 1407 entiores
824 1340 914 1407 Civili
935 1341 1121 1429 Batavisque
1143 1349 1175 1406 et
1195 1339 1442 1407 Transrhenanis
1464 1361 1539 1424 gen·

204 1452 289 1522 tibus
310 1454 435 1521 creditis
457 1475 551 1543 qnam
573 1452 744 1521 maioribus
766 1474 876 1521 eorum
897 1462 1004 1540 patres
1023 1459 1135 1540 avique
1149 1456 1245 1521 vestri
1258 1453 1405 1520 luerunt?
1429 1453 1539 1520 eadem

205 1587 331 1655 semper
351 1586 442 1633 causa
465 1566 627 1633 Germanis
648 1567 886 1634 transcendendi
907 1568 941 1633 in
965 1565 1095 1643 Gallias,
1123 1566 1222 1633 libido
1243 1575 1338 1653 atque
1359 1566 1487 1632 avaritia
1508 1574 1579 1632 aas

204 1682 371 1748 mutandae
392 1680 476 1747 sedis
496 1701 603 1757 amor,
625 1688 662 1747 nt
683 1681 798 1747 relictis
817 1678 985 1765 paludibus
1007 1689 1039 1746 et
1059 1679 1275 1747 solitudinibus
1297 1679 1362 1746 suis
1383 1678 1541 1760 secundis-¹

203 1794 316 1861 simum
338 1796 400 1860 boc
420 1795 523 1859 solnm
545 1813 664 1881 vosque
685 1794 770 1881 ipsos
791 1793 1001 1879 possiderent.
1034 1802 1172 1860 ceterum
1193 1790 1324 1859 libertas
1346 1800 1377 1859 ct
1398 1793 1542 1878 speciosa

203 1908 331 1976 nomina
351 1915 595 1995 praetexendam
629 1927 688 1973 neo
709 1908 874 1995 qnisquam
895 1908 1034 1974 alienum
1055 1908 1218 1974 servitium
1240 1915 1273 1971 et
1294 1905 1540 1973 dominationem

205 2022 266 2088 sibi
285 2019 478 2109 concupivit,
500 2028 619 2085 utnon
640 2020 750 2086 eadem
771 2022 830 2085 ista
852 2019 1004 2087 vocabula
1026 2029 1201 2107 usurparet.
1233 2024 1301 2101 (74)
1323 2041 1421 2104 regna
1442 2022 1542 2086 bella·

205 2157 267 2223 que
286 2153 345 2221 per
366 2135 481 2200 Gallias
502 2153 628 2220 semper
649 2132 760 2210 incre,
794 2133 894 2200 donec
915 2136 947 2199 in
968 2142 1110 2201 nostrum
1131 2135 1180 2200 ins
1201 2132 1430 2201 concederetis.
1466 2147 1579 2211 nos,1⁵

205 2269 393 2336 quamquam
414 2248 527 2314 totiens
547 2245 695 2324 lacessiti,
728 2247 796 2313 iure
817 2250 968 2314 victoriae
992 2250 1026 2313 id
1047 2247 1149 2314 solum
1169 2249 1259 2314 vobis
1281 2246 1457 2314 addidimus
1478 2268 1543 2335 quo

204 2382 316 2450 pacem
338 2368 509 2426 tueremur.
544 2380 616 2427 nam
637 2381 741 2446 neque
761 2361 851 2448 quies
873 2367 1013 2446 gentium
1035 2360 1102 2427 sine
1124 2363 1220 2427 armis
1240 2381 1343 2446 neque
1365 2380 1453 2427 arma
1473 2363 1542 2428 sine

205 2473 368 2562 stipendiis
388 2494 491 2562 neque
512 2473 667 2558 stipendia
689 2475 756 2540 sine
778 2475 904 2543 tributis
925 2474 1036 2541 baberi
1060 2483 1188 2562 queunt.
1212 2482 1316 2539 cetera
1336 2476 1370 2540 in
1384 2474 1542 2541 communi

203 2591 264 2655 sita
284 2594 366 2654 suut.
394 2589 454 2674 ipsi
475 2585 664 2674 plerumque
685 2587 862 2675 legionibus
882 2590 997 2656 nostris
1018 2588 1219 2676 praesidetis,
1243 2589 1305 2672 ipsi
1325 2586 1381 2653 has
1403 2586 1543 2672 aliasque

204 2702 385 2789 provincias
406 2703 527 2789 regitis.
563 2704 642 2770 nihil
662 2711 839 2790 separatum
868 2702 1058 2769 clausumve.
1094 2710 1127 2767 et
1146 2700 1343 2767 laudatorum
1364 2703 1541 2787 principum
1552 2713 1580 2760 tt

204 2837 280 2884 usus
303 2836 482 2901 exaequo,
504 2818 647 2905 quamvis
669 2816 782 2902 procul
802 2814 983 2901 agentibus:
1006 2815 1090 2882 saevi
1110 2814 1263 2902 proximis
1278 2817 1438 2899 ingruunt.
1463 2834 1543 2900 qno·

204 2933 301 2996 modo
322 2929 514 2997 sterilitatem
534 2938 588 2998 aut
608 2930 723 2997 nimios
743 2926 858 2995 imbres
881 2937 912 2996 et
934 2938 1039 2997 cetera
1052 2940 1194 2997 naturae
1223 2934 1323 3008 mala,
1362 2932 1407 2998 ita
1435 2931 1543 2999 luxum

205 3045 257 3110 vel
276 3042 437 3110 avaritiam
459 3043 686 3111 dominantium
708 3043 849 3110 tolerate.
876 3045 952 3110 vitia
974 3053 1083 3121 erunt,
1106 3043 1208 3111 donec
1228 3043 1388 3112 homines:
1411 3048 1467 3111 sed
1488 3068 1544 3111 ne·

205 3178 267 3245 que
288 3158 367 3222 haee
387 3159 553 3234 continua,
584 3168 616 3224 et
635 3157 801 3224 meliorum
824 3157 1003 3223 interventu
1025 3166 1204 3242 pensantur.
1238 3157 1300 3223 nisi
1319 3159 1403 3224 lorte
1425 3162 1543 3225 Tutore

206 3277 237 3336 et
265 3267 402 3336 Classico
429 3267 631 3355 regnantibus
661 3272 852 3336 moderatius
884 3270 1052 3356 imperinm
1090 3270 1240 3357 speratis,
1278 3278 1332 3337 aut
1369 3270 1581 3338 minoribnsss

207 3403 299 3472 quam
332 3403 414 3449 nunc
446 3381 569 3449 tributis
599 3380 793 3468 parabuntur
828 3386 984 3482 exereitus
1017 3381 1130 3469 quibus
1164 3382 1311 3449 Germani
1338 3386 1542 3469 Britannique

206 3503 381 3562 arceantur.
419 3516 490 3561 nam
511 3495 625 3581 pulsis,
658 3498 743 3583 qnod
774 3494 817 3562 dii
839 3497 1044 3584 prohibeant.
1075 3498 1223 3562 Romanis
1245 3495 1320 3582 qnid
1343 3496 1427 3562 aliud
1450 3517 1543 3582 qnam

206 3609 287 3676 bella
308 3606 448 3676 omnium
469 3608 551 3676 inter
571 3629 606 3675 se
627 3611 766 3696 gentium
788 3610 961 3675 exsistentt
984 3612 1236 3695 octingentorum
1250 3630 1404 3676 annorum
1418 3607 1544 3675 lortnna

206 3721 432 3808 disciplinaque
453 3742 620 3809 compages
641 3721 718 3787 baec
739 3720 868 3796 coaluit,
900 3743 980 3808 quae
1002 3721 1136 3788 convelli
1158 3725 1225 3787 sine
1248 3722 1344 3788 exitio
1366 3721 1544 3788 convellen-

275 3895 301 3947 4.
321 3898 378 3958 tsp.
397 3895 444 3947 itt
464 3895 529 3959 s'srp·
550 3896 581 3946 B·
603 3919 632 3930 -
651 3897 723 3960 quod
739 3896 776 3947 tt.
796 3922 828 3933 -
846 3896 873 3946 8.
890 3898 1022 3959 pertesus
1040 3894 1087 3945 tte
1105 3898 1239 3956 poteretur
1257 3895 1288 3945 B.
1304 3919 1335 3931 -
1355 3896 1441 3945 stuttts
1458 3894 1497 3946 bt.
1513 3919 1541 3932 -

206 3967 365 4031 umwtsqus
391 3965 429 4019 ll.
460 3989 492 4003 -
520 3965 547 4016 9.
584 3966 643 4030 suar
668 3979 729 4017 curn
753 3968 798 4017 ttn.
826 3967 865 4019 bt.
898 3992 924 4004 -
958 3966 1002 4016 2⁰.
1028 3966 1110 4016 stetit
1133 3965 1172 4018 Μ.
1201 3991 1230 4003 -
1263 3966 1307 4018 20.
1341 3965 1414 4017 trs's.
1443 3965 1482 4018 bl·
1511 3990 1543 4003 -

205 4037 252 4091 fl.
268 4037 396 4102 pulstbl·
425 4060 454 4074 -
483 4035 528 4088 λδ.
547 4038 623 4089 rsus.
642 4038 680 4091 tr.

209 4197 236 4254 1,
254 4193 298 4246 ³1.
317 4207 406 4258 seqq..
426 4192 471 4245 ubl
492 4194 570 4244 ettam
590 4192 622 4244 ds
635 4191 779 4253 Artortstm
797 4203 856 4256 repe
893 4203 949 4252 sap.
969 4189 1001 4241 ⁹:
1023 4190 1119 4242 Omss'u
1135 4191 1222 4255 igitur
1240 4193 1277 4241 ste
1295 4195 1402 4254 potitus·
1419 4193 1542 4253 ruptsss.

209 4273 409 4327 Grrsrosonssr.
430 4299 459 4311 -
482 4269 669 4336 Teutonorpus]
699 4273 755 4323 Hac
774 4270 854 4322 torma
892 4278 923 4321 st
941 4272 1031 4322 sirmis
1048 4273 1161 4337 rigorem
1179 4278 1203 4322 et
1220 4273 1453 4333 tsresspsrusttsm
1466 4271 1542 4333 eneti,

206 4362 319 4408 utuntur
336 4358 415 4407 ettam
434 4353 488 4406 Cle.
510 4366 557 4415 pro
576 4354 633 4417 tege
646 4353 718 4404 Man.
730 4353 774 4403 2⁰.
793 4352 858 4403 Cas·
893 4357 922 4401 ut
939 4351 1055 4413 [erueres
1072 4351 1222 4416 morbosque
1240 4357 1365 4402 stertere
1382 4349 1450 4412 forts
1475 4351 1544 4401 oest-

207 4450 250 4489 ιιι
268 4437 299 4487 B.
320 4434 353 4487 G·
373 4438 399 4493 1.
420 4435 463 4486 33.
484 4433 601 4485 Vetlstns
628 4434 659 4495 2,
685 4434 744 4488 123
776 4433 857 4483 altera
893 4433 993 4483 dessio.
1022 4433 1056 4481 Et
1079 4431 1130 4481 Dto
1149 4431 1304 4481 therunern
1329 4435 1364 4482 tta
1389 4432 1543 4493 toquentem

208 4516 337 4567 Teutones
350 4514 442 4566 duret.
457 4514 526 4565 Vtut.
539 4513 571 4564 ds
585 4512 639 4564 Vtr.
660 4512 696 4563 st.
710 4512 767 4572 67..
782 4518 812 4562 ut
828 4512 855 4562 b.
895 4514 1006 4570 tnductt
1018 4513 1062 4562 obt
1078 4506 1244 4577 ἀμνηστίαν
1256 4510 1351 4560 suadet
1363 4517 1423 4571 post
1434 4510 1544 4561 casdem

208 4597 225 4647 Ι.
239 4597 304 4661 Bag.
319 4597 380 4660 Agr.
401 4595 472 4657 Sptr.
487 4619 521 4630 —
533 4590 684 4657 insedimus]
699 4592 855 4658 lrgtoutbus.
895 4593 1013 4645 Caesaris
1031 4591 1077 4652 dt,
1097 4589 1149 4640 ³2:
1169 4584 1243 4640 nisse
1262 4586 1299 4641 τὰ
1316 4589 1371 4654 μὲν
1390 4590 1545 4656 γεγενημέ-

208 4677 346 4732 clcsrtbur.
366 4676 485 4726 colentis.
893 4689 930 4723 sa
946 4667 1074 4736 χαλάζης
1097 4671 1128 4720 se'
1152 4684 1231 4732 τινος
1257 4669 1307 4719 καὶ
1330 4666 1544 4733 κατακλυσμοῦ

240 4755 284 4808 st.
305 4750 467 4818 cddtdtssur]
487 4755 590 4806 coneris
605 4755 787 4814 tmporutruus,
808 4753 855 4804 du·
892 4747 1004 4824 τρόπον
1020 4747 1241 4815 συμβεβηκέναι
1255 4749 1445 4812 νομίσαντες,
1468 4745 1544 4819 λήθῃ

207 4840 261 4888 rtns
278 4838 305 4887 tn
325 4848 369 4887 ros
387 4836 554 4889 satuimus».
579 4839 609 4883 ut
627 4832 699 4897 Vtrg.
727 4834 795 4883 Aen.
820 4832 853 4892 d,
891 4828 1049 4901 παράδοτε.
1074 4829 1149 4878 ers.
1179 4853 1206 4864 -
1235 4840 1370 4892 compages
1398 4823 1470 4890 susc]
1500 4827 1545 4877 Sto

206 4918 257 4968 9⁰:
279 4914 496 4967 Tsurrtscddtto
524 4913 606 4970 lusu,
632 4917 673 4962 cut
703 4919 855 4974 comparant
892 4911 1022 4963 luvenalis
1042 4909 1075 4958 de
1094 4908 1228 4971 Caligulae
1257 4907 1442 4966 [mortbert.
1471 4905 1542 4957 ets:

208 4995 289 5057 Sopb.
310 4995 384 5046 Atro.
407 4994 474 5045 ott:
499 4988 633 5056 ξύνεστιν
661 4986 794 5063 ἔφεδρος.
821 5014 853 5026 -
890 4990 1026 5041 Ardebant
1039 4985 1542 5049 cunctosttructceompoperucbust.

207 5075 337 5143 quomode
362 5070 545 5139 etsttitotsss]
573 5071 673 5126 Seneca
703 5072 736 5124 ds
763 5072 853 5125 const.
893 5096 922 5108 -
944 5068 1054 5122 sososttt
1078 5069 1133 5120 stss
1157 5067 1239 5119 sess
1265 5065 1465 5118 resedissetest
1489 5080 1544 5118 sos
