3725 5892
590 489 686 556 vrri
705 486 933 555 apricante
959 490 1032 577 cap.
1059 491 1091 556 a.
1115 492 1168 557 ιι.
1483 495 1546 561 ιιι

214 647 291 715 boni
318 646 497 734 indulgent,
523 651 705 715 ostentanda
734 649 849 714 virtute
876 657 929 716 aut
955 669 1014 736 per
1041 657 1141 716 artem
1174 651 1344 735 quaeeirltt
1373 651 1547 739 proculab
1596 736 1599 742 .

215 761 423 829 aemulatione
437 764 588 828 adversae
601 760 757 846 collegae,
781 760 892 846 procul
907 782 925 828 a
940 762 1138 830 contentione
1149 766 1299 830 adversae
1312 774 1545 852 procuratores,

215 884 248 941 et
267 875 394 941 vincere
415 875 584 961 inglorium
606 883 639 941 et
659 875 751 941 atteri
772 873 934 942 sordidum
956 873 1178 944 arbitrabatur.
1201 876 1304 944 minue
1325 879 1494 945 incenium
1514 880 1548 946 in

216 1009 253 1055 ca
274 987 432 1074 legatione
453 990 596 1055 deienlue
617 1007 654 1053 aa
674 992 777 1053 atatim
799 990 838 1053 ad
860 1008 947 1074 spem
969 990 1150 1055 consulatue
1171 998 1333 1058 revocatae
1354 999 1418 1067 eet,
1451 994 1548 1058 eomi-

216 1109 302 1167 tante
324 1100 473 1188 opinione
494 1100 687 1167 Britanniam
710 1099 740 1165 ei
761 1102 953 1186 provinciam
977 1100 1062 1178 dari,
1090 1102 1184 1168 nullis
1205 1102 1238 1169 in
1258 1107 1320 1171 boo
1341 1104 1407 1171 auia
1428 1125 1573 1173 sermo-e

215 1216 326 1291 nibus,
353 1216 408 1280 aad
435 1214 508 1300 quia
536 1212 796 1300 pervidebatur.
828 1216 912 1279 haud
935 1234 1061 1298 semper
1087 1223 1171 1281 errat
1196 1216 1298 1294 lama3
1327 1216 1494 1303 aliquando
1516 1227 1549 1284 et

216 1326 321 1412 elegit.
359 1329 470 1393 coneul
496 1328 643 1412 egregiae
669 1334 735 1391 tum
761 1324 830 1410 epei
855 1323 952 1393 liliam
972 1326 1079 1394 iuveni
1106 1329 1182 1394 milri
1204 1328 1388 1415 despondit,
1418 1351 1456 1396 ao
1478 1339 1550 1418 poet

218 1439 415 1506 consulatum
438 1440 619 1517 collocavit,
641 1443 674 1503 et
694 1438 797 1505 atatim
818 1437 997 1506 Britanniae
1018 1442 1217 1526 praepositae
1238 1450 1306 1519 eet,
1329 1441 1450 1510 adiecto
1470 1463 1550 1530 pon·

216 1550 350 1619 tificatua
373 1550 561 1619 sacerdotio.

301 1664 363 1752 (10)
384 1665 561 1733 Britanniae
582 1664 676 1733 eitum
703 1663 899 1753 populeaque
920 1664 1026 1732 mollia
1046 1665 1252 1755 eoriptoribue
1273 1679 1464 1769 memoratae
1484 1691 1587 1737 nonae

287 1926 313 1977 l.
333 1925 516 1977 ostentandam
540 1926 666 1976 oetatem
690 1925 731 1986 Γ,
766 1929 833 1976 teate
860 1924 999 1986 Broterla,
1026 1924 1211 1976 ostentandam
1236 1926 1335 1977 oirtate
1359 1923 1392 1978 A.
1428 1925 1463 1978 ili
1486 1940 1549 1982 aaa.

217 1995 360 2050 libanauua
378 1999 404 2048 in
423 1995 535 2060 Caatigg.
556 2021 586 2034 -
607 1994 635 2044 d.
652 2001 701 2046 aar
717 2006 818 2059 aeenper
836 2001 894 2046 erat
911 1991 945 2044 Δ.
964 2019 996 2032 -
1012 1994 1042 2044 i.
1063 1995 1168 2048 liabent
1184 1995 1260 2062 elegit
1278 1994 1342 2059 ΓΔ,
1363 2009 1416 2049 nou
1429 1998 1550 2051 Bhenanl

218 2069 300 2133 eligii.
332 2092 360 2105 -
391 2064 523 2132 egregiae]
551 2067 636 2131 praete
662 2066 701 2124 Γ.
732 2068 759 2116 in
787 2078 839 2131 mg.
863 2070 960 2130 prate,
988 2065 1041 2118 aluo
1058 2065 1124 2119 baec
1147 2067 1308 2129 ecaudata,
1333 2073 1364 2121 ut
1383 2070 1420 2121 ait
1444 2081 1495 2130 aa,
1524 2073 1554 2122 et

216 2142 311 2204 gratae
328 2136 362 2188 Δ.
398 2132 452 2192 Sed
471 2149 560 2192 reram
578 2137 638 2188 tect.
660 2135 735 2190 dedit
751 2135 924 2190 Puteolauue.

220 2369 365 2433 tegritatem
383 2373 463 2431 atque
480 2367 678 2425 alieliueaiiam,
699 2372 730 2416 ut
746 2367 863 2423 virtuter,
902 2377 1014 2417 munere
1049 2364 1131 2431 tegata·
1159 2364 1272 2433 Augusti
1299 2372 1354 2423 alre
1390 2368 1471 2436 tegare·
1499 2369 1554 2422 Ap.

220 2460 332 2514 quarum
351 2450 450 2499 mentio
467 2450 494 2499 in
514 2446 558 2497 tall
576 2449 631 2498 aira
651 2459 756 2510 proraue
774 2457 866 2508 auper-
901 2446 974 2510 gueii
996 2451 1187 2510 propraetore
1213 2451 1269 2501 aire
1296 2448 1375 2516 legati
1394 2461 1447 2512 pra
1474 2463 1554 2515 prae·

219 2540 334 2581 racanea
351 2539 383 2579 ae
401 2539 484 2590 prope
502 2529 628 2579 inlurtoaa
647 2529 691 2585 ait,
709 2525 866 2577 ievitertau·
903 2531 975 2584 tore,
1001 2526 1224 2588 quemadmodum
1252 2529 1454 2582 nominabantur
1478 2543 1554 2593 praa-

220 2614 271 2674 gat.
301 2606 432 2670 Equidem
451 2608 567 2670 explica:
596 2607 726 2657 animiam
744 2609 867 2657 reverita·
903 2603 973 2655 eldea
991 2607 1185 2667 provinciarum
1203 2607 1340 2670 Caeearie,
1368 2621 1480 2673 quarum
1498 2623 1553 2662 una

220 2695 273 2741 iem
291 2693 319 2740 et
335 2689 530 2739 accurationem
550 2690 577 2738 lu
595 2686 744 2750 redigendia
761 2684 867 2734 tributio
904 2690 960 2736 erat
980 2684 1130 2748 aquitania.
1165 2685 1234 2738 Vide
1259 2686 1292 2739 de
1316 2688 1394 2740 butue
1418 2689 1552 2755 dignitattr
1600 2728 1609 2753 ,

220 2766 465 2832 acreettgaiibaa.»
485 2767 612 2818 Duebner
628 2768 684 2815 aia:
707 2765 868 2814 «anuntiant
904 2763 1081 2827 appellatione
1110 2772 1230 2819 accurate
1263 2768 1441 2830 disputantem
1472 2769 1555 2822 blari-

220 2861 273 2899 nou
293 2861 383 2908 auam,
410 2848 457 2900 aed
480 2860 590 2900 munere
613 2844 663 2896 eibi
689 2851 716 2897 et
737 2843 867 2906 aVeape·
904 2848 980 2895 nium
1016 2843 1083 2894 ⁴liii.
1115 2857 1142 2906 p.
1171 2844 1232 2895 7tr.
1265 2852 1292 2898 at
1329 2846 1391 2899 750,
1429 2847 1553 2900 caesum

219 2930 294 2979 alano
312 2930 472 2986 iniunctam,
496 2925 697 2977 adotta'nendaa
713 2923 869 2986 iniquitates
906 2923 1077 2975 memorabile
1112 2928 1152 2975 eet
1178 2937 1193 2976 a
1219 2925 1365 2979 Boraeliiuo
1395 2934 1423 2979 ei
1451 2942 1466 2980 a
1496 2929 1554 2981 bla-

222 3008 384 3066 obeitnanle,
412 3015 441 3059 ut
463 3006 559 3057 dieitur
584 3005 652 3055 litat.
677 3004 712 3063 Ξ.
734 3002 779 3053 aa.
816 3002 868 3052 nili
906 3006 974 3054 rinio
1003 3005 1072 3054 bunc
1102 3016 1181 3054 neum
1210 3018 1273 3058 aare
1307 3006 1466 3072 ringuiarern
1493 3020 1552 3061 roa.

220 3088 311 3142 rolant
329 3101 386 3140 erae
414 3088 619 3146 «parcimoniam
639 3087 666 3135 ln
685 3085 797 3135 cuiuerla
824 3095 868 3146 ge·
906 3080 1059 3134 andario
1077 3095 1129 3133 uon
1148 3083 1256 3148 reterri,
1275 3099 1291 3137 a
1309 3085 1427 3141 Geauero
1445 3089 1473 3140 tn
1485 3090 1554 3140 ‘lbe-

221 3172 291 3220 nerie
310 3167 510 3220 liberalitatibus
532 3164 721 3217 arbitrante.»
742 3186 773 3199 -
794 3173 869 3212 emea-
906 3174 984 3214 aauro
1008 3162 1080 3213 buna
1104 3165 1190 3225 ipram
1218 3164 1326 3229 quidem
1353 3166 1439 3219 locum
1466 3167 1554 3221 aderet

222 3246 283 3312 rat]
308 3246 418 3298 Proreus
442 3252 481 3297 aie
504 3246 574 3298 nnn.
591 3243 625 3302 d,
643 3244 693 3295 2⁵:
720 3242 869 3305 agrippina
906 3254 956 3293 nea
974 3248 1059 3293 tamen
1077 3242 1179 3307 liquido
1206 3245 1338 3308 explicari.
1360 3250 1555 3300 -eomitante

221 3328 342 3379 otrtltbua
359 3329 429 3378 rurr’a
439 3327 596 3390 seminarum
607 3324 674 3373 attia
685 3326 804 3379 maeret,
824 3320 869 3370 ubl
907 3318 1042 3385 opinione]
1068 3330 1171 3385 «iuna,
1198 3335 1258 3376 curu
1278 3332 1415 3378 revocatur
1434 3334 1505 3381 areae
1522 3341 1554 3380 ιι

221 3411 331 3459 minime
354 3406 484 3472 aigaiflcat
506 3417 564 3456 eam
588 3406 660 3465 priua
678 3403 718 3452 bia
736 3402 806 3452 attila
824 3398 869 3451 ab·
906 3402 1069 3466 Aquitania,
1085 3404 1111 3453 ln
1135 3403 1227 3455 orbern
1246 3406 1454 3468 prauaieeentern
1473 3410 1553 3473 comi·

223 3493 328 3540 noxiam
341 3487 437 3543 tulere,
450 3484 497 3535 aed
505 3495 609 3546 temper
617 3480 651 3534 ab
664 3485 695 3532 ite
705 3481 827 3532 alienam.
839 3501 866 3515 -
907 3482 1011 3533 tabatrn
1028 3493 1088 3534 eum
1105 3486 1222 3534 omnium
1235 3487 1358 3547 opinior»
1376 3491 1461 3552 imago
1477 3487 1553 3551 longe

223 3565 344 3634 andegan]
361 3570 507 3618 vicinarum
521 3566 711 3625 provinciarum
726 3558 868 3623 praesidet,
908 3562 1057 3623 pulchrior,
1077 3572 1155 3624 quam
1173 3568 1309 3617 coartante
1325 3566 1462 3629 malane,
1482 3566 1554 3629 quod

224 3650 294 3699 inter
312 3660 378 3710 uuae
398 3644 473 3696 laaile
492 3655 573 3707 prava
589 3641 730 3695 aemulatio
749 3641 811 3691 oriri
825 3652 869 3702 po·
908 3640 1061 3702 ilrueatlue,
1075 3643 1124 3693 etri
1137 3642 1297 3705 dubitanter,
1319 3646 1551 3706 auspicabatur.-

224 3735 300 3780 terai.
331 3727 374 3778 Sia
393 3725 462 3776 lllat.
481 3725 509 3783 l,
528 3724 576 3774 lo:
605 3722 756 3785 (Mucianae
779 3719 870 3783 Syriae
906 3721 988 3770 nuilla
1004 3722 1033 3770 tn
1050 3720 1099 3771 tae
1116 3723 1172 3773 raia
1189 3721 1361 3790 aennontbaa]
1384 3725 1554 3789 anullieipee

225 3804 383 3873 praelectae)
396 3803 623 3867 apaaeaaaaoe,
642 3800 869 3866 apadproaa'naoa,
908 3799 1074 3851 aermonibue
1098 3814 1176 3862 uene,
1203 3805 1248 3866 qui
1273 3804 1306 3855 ad
1325 3804 1375 3855 bac
1393 3812 1553 3867 apaetarent,

226 3889 299 3951 apad
316 3885 471 3948 collegae
487 3881 714 3933 eartoenieeeern
724 3888 826 3945 potera.
839 3901 869 3914 -
907 3879 949 3931 rei
967 3880 1065 3941 quibua
1089 3880 1122 3931 de
1140 3880 1191 3931 boc
1208 3894 1316 3936 munere
1341 3886 1451 3946 anteque
1469 3884 1502 3937 de
1521 3897 1554 3937 ea

223 3961 425 4031 procuratores!
445 3962 580 4021 Carraria,
606 3965 632 4012 iu
651 3958 773 4011 omnibue
793 3958 871 4010 rebua
907 3960 1025 4023 gerendo
1044 3959 1320 4024 constituerentur.»
1336 3988 1367 4000 -·
1380 3961 1466 4029 elegit]
1485 3966 1555 4016 1011.

226 4047 258 4098 ad
278 4047 368 4097 lirauru
388 4042 590 4106 pertinentibus.
628 4041 700 4091 inter
718 4040 765 4090 baa
783 4043 871 4090 autem
908 4045 980 4090 eiua:
1009 4038 1125 4099 «eidctt,
1154 4047 1185 4089 ua
1207 4041 1348 4104 aiiaoiere
1371 4056 1432 4095 rara
1451 4047 1554 4095 muneri

226 4136 254 4180 et
271 4124 451 4188 proconaulea,
472 4126 653 4184 propraetorea
673 4120 803 4183 legataere
820 4119 872 4168 lu·
910 4119 1085 4171 declinatur.»
1104 4119 1249 4173 Aeeabiaea
1263 4126 1290 4172 iu
1303 4122 1435 4174 Timarelr.
1450 4136 1478 4186 p.
1491 4123 1553 4175 ieie

227 4209 294 4272 gualt
325 4205 399 4256 taelie
428 4204 609 4253 contentionea
638 4204 711 4251 naacl
742 4203 872 4262 poteraut,
908 4198 980 4269 Περὶ
998 4196 1052 4251 τὸν
1068 4199 1127 4249 raia
1138 4194 1299 4271 ἀνθρώπων
1310 4201 1379 4265 βίον
1397 4203 1448 4255 nai
1464 4199 1556 4271 λόγον

228 4288 379 4350 praeeertim
392 4283 437 4335 ubi
451 4288 635 4344 praenratoree
647 4281 772 4342 principle
785 4277 873 4329 lavore
909 4279 960 4329 eat
979 4276 1031 4340 τὰς
1048 4273 1166 4347 πράξεις
1176 4274 1290 4347 ἀληθής
1305 4295 1336 4332 ra
1352 4282 1402 4332 acal
1420 4276 1556 4348 ἀψευδής

226 4369 305 4418 nimie
330 4366 389 4417 iretl
407 4363 588 4414 contumacior
607 4372 666 4412 reae
684 4360 819 4424 gerebant.
840 4381 874 4392 -
910 4373 953 4422 rag
981 4350 1040 4408 aaa
1072 4354 1260 4423 aaaropatroa
1290 4356 1433 4412 elaeatae
1467 4357 1555 4427 φήμη

226 4448 329 4497 elnone
352 4438 510 4508 inglorium]
538 4440 604 4492 inde
625 4454 640 4491 a
659 4438 795 4502 virdunga
812 4438 875 4489 atie·
910 4432 986 4487 κατὰ
1003 4431 1057 4501 τὴν
1074 4432 1159 4487 πόλιν
1176 4436 1227 4487 aaut
1238 4433 1399 4505 διαγγέλλει
1409 4443 1472 4503 τοῖς
1488 4437 1557 4491 arol-

229 4532 290 4577 runt
302 4520 421 4592 γνώμην
436 4522 566 4574 Senecae:
587 4518 740 4570 contendere
751 4531 810 4567 carn
826 4517 876 4567 in·
909 4513 973 4579 lotg
1000 4510 1053 4576 τὰς
1078 4510 1153 4578 ἰδέας
1177 4510 1309 4585 πράξεις,
1337 4513 1428 4568 πολλὰ
1451 4515 1482 4569 aa
1504 4518 1556 4570 mi

229 4592 362 4672 {eriora
384 4602 529 4652 sordidam.
549 4623 579 4636 -
600 4593 700 4661 atteri]
721 4597 874 4662 dignitatem
908 4588 1275 4659 pertractaturum·
1295 4597 1413 4661 egregiae
1430 4601 1486 4645 tana
1502 4597 1558 4659 spei

228 4688 269 4737 aui
288 4684 425 4741 imminui,
448 4684 471 4732 ai
490 4686 671 4743 praematurae
690 4679 775 4738 ipsum
794 4679 875 4736 impe·
910 4668 1003 4738 pilam]
1021 4671 1102 4724 blodo
1120 4672 1262 4725 admodum
1280 4680 1372 4726 tenero
1390 4680 1470 4737 atoue
1483 4684 1556 4739 grato

229 4764 316 4816 alitent
343 4763 369 4812 ia
392 4759 480 4811 ainata
502 4766 610 4811 atrenae
634 4754 804 4819 erreuuendo
829 4761 876 4806 aua
910 4751 1253 4816 elgaiteaiomnemepem,
1269 4766 1347 4817 quana
1360 4753 1555 4808 adolercentuia

230 4846 430 4896 criminarentur
473 4836 544 4900 apud
583 4840 777 4899 imperatorem.
832 4834 876 4885 Sia
911 4834 952 4882 aul
972 4833 1099 4896 excitarit,
1117 4838 1207 4894 poelea
1222 4832 1377 4894 completam
1396 4838 1423 4885 ei
1438 4835 1555 4887 curnula·

229 4924 313 4974 latiae
347 4919 523 4971 &elotanae
563 4914 750 4980 (procurator)
784 4913 876 4965 Saeto-
912 4919 965 4962 tam
983 4923 1052 4963 aare.
1074 4935 1103 4949 ·-
1121 4915 1182 4975 poet
1201 4907 1382 4976 eonaalatuna]
1404 4911 1500 4966 dilatae
1519 4917 1557 4967 ai·

229 5005 276 5053 ne’o
306 5000 430 5064 (praeaidi
457 4994 616 5061 provinciae)
649 4996 748 5047 dirrare
779 4995 876 5046 tonan
912 4992 1008 5044 alentur
1025 4991 1143 5053 nuptiae,
1160 4990 1393 5044 uebocaoilemue
1412 4996 1494 5054 patria
1510 5006 1558 5047 ue·

229 5083 362 5150 patticam
391 5078 506 5143 prtootta
543 5076 720 5127 dmaitatlbaa
757 5074 877 5136 tnpedte·
912 5074 981 5138 gotia
999 5069 1150 5133 impediret.

233 5155 559 5222 tat.ann.1t,ta.-
590 5157 620 5208 tn
636 5168 669 5210 aa
686 5149 825 5221 agmone]
847 5155 875 5203 in
947 5151 990 5201 to.
1017 5149 1176 5201 Britanniae
1195 5145 1284 5216 ιιιιιιιι]
1308 5149 1359 5204 llic
1383 5158 1445 5207 auta
1469 5154 1558 5209 amula
