3725 5892
461 459 469 480 ’
571 491 692 558 tmen
712 491 767 561 tv.
811 492 887 576 cap.
908 491 961 557 ea.
986 491 1038 556 sa.
1062 490 1112 557 ct.
1134 492 1187 558 cs.
1482 495 1545 560 ers

208 651 421 721 ferocissimus
442 674 461 719 e
482 651 592 739 legatis
611 651 646 718 in
674 650 758 717 bunc
783 653 913 718 modum
933 649 1082 737 protulit:
1121 649 1260 718 credisse
1288 655 1406 738 vos,in
1432 670 1548 737 corpus

210 787 387 855 nomenque
410 767 612 842 Germaniae,
636 760 853 831 communibus
876 761 944 830 deis
958 772 991 830 et
1003 763 1173 851 praecipuo
1189 766 1322 831 deorum
1337 769 1430 833 Marti
1444 777 1549 854 gratia

210 881 347 966 agimns3
385 881 538 965 vobisque
570 878 764 963 gratulamur
796 879 881 962 quod
913 875 1039 943 taudem
1072 874 1164 944 liberi
1191 878 1275 945 inter
1300 879 1419 947 liberos
1448 882 1547 949 eritis.

208 978 345 1059 nam'ad
365 991 448 1059 bunc
468 996 551 1059 diem
573 991 701 1058 ilumina
722 1013 758 1056 ac
780 998 881 1057 terras
896 999 928 1056 et
942 989 1062 1058 caelum
1084 991 1318 1076 quodammodo
1339 993 1442 1081 ipsum
1465 995 1549 1063 clau·

209 1114 315 1174 serant
334 1108 483 1182 Romani,
511 1115 547 1171 ut
567 1105 735 1192 conloquia
754 1123 1004 1189 congressusque
1025 1113 1150 1171 nostres
1173 1117 1335 1184 arcerent,
1365 1107 1433 1185 ael,
1463 1112 1571 1196 quode

209 1219 464 1286 contumeliosius
485 1229 531 1287 esi
552 1221 629 1286 viris
650 1216 690 1284 ad
711 1238 797 1283 arma
818 1219 915 1294 natis,
939 1219 1076 1284 inermes
1090 1238 1127 1284 ac
1142 1237 1242 1305 prope
1256 1221 1331 1286 nudi
1348 1218 1406 1287 sub
1421 1222 1551 1290 custode

211 1342 244 1400 ct
262 1333 365 1420 pretio
388 1337 553 1399 coiremus.
592 1335 649 1398 sed
669 1339 706 1396 ut
725 1329 862 1397 amicitia
890 1331 1086 1418 societasque
1114 1339 1221 1398 nostra
1242 1332 1276 1397 in
1297 1342 1461 1401 aeternum
1483 1347 1552 1403 rata

210 1445 266 1522 ait,
290 1447 483 1531 postulamus
504 1467 523 1511 a
545 1444 652 1522 robis,
674 1465 784 1511 mures
805 1442 962 1520 coloniae,
984 1443 1177 1510 munimenta
1200 1445 1337 1523 servitii,
1362 1445 1550 1517 detrahatis:

212 1558 307 1624 etiam
327 1556 394 1625 sera
415 1557 576 1636 animalia,
610 1558 637 1624 si
665 1557 770 1624 clausa
798 1563 921 1631 teneas,
956 1556 1083 1622 virtutis
1110 1557 1356 1639 obliviscuntur3
1393 1565 1552 1630 Romanos

213 1692 322 1739 omnes
343 1673 376 1738 in
397 1670 511 1737 linibus
533 1670 646 1737 reside
666 1670 848 1738 trucidetis:
870 1670 956 1734 haud
977 1670 1069 1736 tacite
1090 1667 1219 1738 libertas
1234 1680 1266 1738 et
1281 1672 1399 1741 domini
1421 1676 1589 1745 misnen-re

213 1793 276 1851 tur.
313 1783 395 1850 bona
416 1783 652 1852 interfectorum
673 1785 707 1849 in
730 1785 868 1848 medium
888 1785 1016 1857 cedant,
1048 1804 1089 1849 ne
1116 1787 1186 1868 quis
1214 1786 1360 1854 occulere
1385 1792 1554 1876 quicquam

213 1909 268 1965 ant
288 1918 455 1984 segregare
476 1917 601 1964 causam
622 1916 710 1963 auam
733 1897 842 1983 possit.
866 1897 960 1961 liceat
980 1897 1073 1961 nebia
1091 1899 1245 1983 vobisque
1265 1908 1433 1990 utramque
1453 1908 1555 1992 ripam

214 2010 338 2089 colere,
360 2020 396 2076 ut
417 2011 493 2078 olim
514 2007 687 2076 maioribus
708 2007 835 2075 nostris.
859 2012 1020 2095 quomodo
1035 2013 1138 2076 lucem
1160 2011 1308 2098 diemque
1331 2013 1477 2085 omnibus
1498 2020 1557 2086 ho·

215 2124 367 2202 minibus,
389 2125 434 2190 ita
454 2143 563 2190 omnes
584 2131 685 2189 terras
705 2120 840 2189 fortibus
861 2121 938 2187 viris
958 2130 1071 2188 natura
1092 2127 1228 2208 aperuit.
1262 2127 1404 2196 instituta
1425 2130 1557 2197 cultum-

215 2258 279 2325 qne
295 2236 434 2322 'patrium
448 2238 612 2312 resumite,
634 2233 774 2321 abruptis
788 2235 1020 2321 voluptatibus,
1043 2238 1159 2321 quibus
1173 2242 1306 2305 Romani
1321 2244 1391 2328 plus
1405 2246 1557 2311 adversus
1568 2270 1594 2313 ss

217 2349 377 2418 subiectos
398 2370 493 2436 quam
515 2349 609 2414 armis
629 2348 745 2416 valent.
774 2352 914 2413 sincerus
937 2355 968 2413 et
988 2350 1113 2433 integer
1133 2360 1164 2416 et
1185 2353 1342 2420 servitutis
1364 2355 1480 2432 oblitus
1500 2377 1558 2444 po·

217 2463 310 2552 palus
336 2471 389 2530 aut
416 2485 457 2529 er
485 2482 585 2548 aequo
614 2459 713 2547 egetis
740 2469 795 2526 aut
821 2460 890 2526 aliis
916 2461 1171 2545 imperitabitis.n
1216 2467 1286 2546 (65)
1312 2467 1558 2556 Agrippinenses

219 2585 343 2664 sumpto
365 2574 562 2643 consultandi
582 2573 703 2661 spatio,
725 2575 851 2661 quando
873 2593 976 2660 neque
998 2573 1106 2641 subire
1126 2577 1327 2645 condiciones
1342 2591 1446 2649 meins
1459 2580 1559 2651 iuturi

218 2710 322 2777 neque
344 2691 449 2774 palam
470 2688 631 2772 aspernari
652 2684 796 2751 condicio
813 2707 964 2770 praesens
978 2688 1115 2766 sinebat,
1138 2692 1171 2755 in
1185 2692 1269 2757 hunc
1282 2698 1412 2760 modum
1427 2717 1559 2783 respon·

221 2800 312 2869 dent:
338 2821 437 2888 aquae
450 2800 553 2888 prima
573 2798 725 2866 libertatis
745 2796 874 2864 facultas
894 2798 966 2866 data
986 2807 1049 2878 esi,
1073 2804 1194 2871 avidius
1216 2826 1310 2890 11111
1333 2808 1453 2874 cautius
1475 2821 1599 2878 sum-re

222 2917 355 3002 pansus,
377 2922 413 2979 ut
429 2910 518 2979 vobis
536 2914 711 2999 ceterisque
730 2912 907 2989 Germanis,
931 2914 1172 2998 consanguineis
1186 2918 1319 2997 nostris,
1342 2919 1556 3007 iungeremur.

223 3049 331 3095 muros
350 3026 503 3104 civitatis,
532 3023 795 3112 congregantibus
815 3046 849 3091 se
871 3046 943 3090 eum
963 3025 1098 3093 maxime
1117 3015 1330 3097 Romanorum
1348 3034 1559 3116 exercitibus,

223 3162 338 3227 augere
355 3138 448 3205 nubis
462 3160 556 3225 quam
576 3139 703 3205 diruere
717 3140 814 3204 tutius
832 3146 890 3204 est.
913 3137 941 3204 si
955 3142 1009 3224 qui
1028 3162 1069 3206 ex
1089 3142 1178 3207 ltalia
1197 3152 1251 3207 aut
1266 3147 1438 3229 provinciis
1452 3149 1562 3217 alieni-

225 3274 323 3341 genae
340 3253 380 3329 ,in
398 3250 512 3319 linibus
532 3254 649 3319 nostris
667 3253 807 3328 inerant,
832 3248 1023 3318 corbelium
1043 3247 1234 3336 absumpsit,
1259 3253 1308 3321 vel
1329 3253 1363 3322 in
1384 3278 1456 3325 suas
1476 3261 1563 3349 quis·

290 3444 318 3497 3.
336 3445 401 3497 iiber
420 3447 447 3496 tn
467 3457 557 3497 tersus
575 3444 627 3497 tine
646 3444 687 3497 nt.
712 3467 740 3479 -
769 3443 798 3495 t.
815 3436 899 3507 iterra
916 3441 964 3492 uit.
985 3442 1036 3493 titt.
1064 3445 1100 3495 ita
1128 3449 1252 3507 exarata,
1279 3451 1310 3497 ut
1325 3449 1456 3511 significet
1474 3456 1562 3514 portu.

225 3529 269 3568 ena
287 3529 367 3580 quam
385 3530 425 3567 ca.
445 3515 503 3567 lice
522 3521 610 3566 tamen
626 3520 737 3568 serrari·
757 3539 789 3551 -
819 3515 847 3567 5.
866 3513 935 3564 1111.
954 3512 1001 3563 bl:
1026 3513 1085 3564 coti.
1105 3512 1137 3562 B.
1158 3539 1189 3551 -
1218 3514 1378 3582 74525011,
1399 3545 1431 3558 ..
1460 3522 1488 3573 g·
1508 3527 1563 3577 ,pm

225 3584 654 3711 ἔ·111ἵῑι11ι;ἆξίε.111.9111.
675 3611 704 3624 -
732 3584 761 3637 9.
779 3597 846 3637 nara
863 3584 901 3637 nt.
928 3608 960 3622 -
992 3582 1035 3634 19.
1054 3588 1186 3651 urnaque
1203 3586 1243 3640 ll.
1265 3614 1294 3627 -
1323 3591 1364 3642 itt
1382 3589 1505 3646 instituid
1522 3596 1561 3649 11.

228 3815 261 3866 an
288 3815 353 3879 {pata
382 3807 554 3878 (sueonibus)
582 3811 723 3875 scarpi,
761 3825 779 3862 a
802 3809 877 3861 nobb
914 3807 989 3862 mites
1007 3809 1153 3871 nemeaea,
1171 3823 1205 3862 ne
1223 3813 1288 3876 quid
1306 3816 1399 3868 bositte
1423 3820 1562 3875 auderent·
1621 3839 1632 3856 ⁸

228 3896 329 3945 tbtrac
340 3898 460 3944 meatur.
475 3891 529 3943 Cir·
540 3889 628 3943 Waltz
640 3890 675 3941 1).
692 3888 877 3954 Veriaaaonpa·
915 3913 947 3926 -
967 3895 992 3938 et
1006 3888 1105 3955 pretio]
1125 3890 1183 3941 lice
1202 3905 1255 3955 quo
1273 3900 1422 3960 pertineat.
1448 3908 1522 3962 patet
1548 3917 1564 3955 e

227 3974 372 4041 gaaeitcitte
390 3974 411 4023 Ι.
431 3986 459 4037 p.
478 3971 522 4022 bl.
541 3995 575 4007 -
592 3970 737 4034 praecipuo
758 3970 876 4030 deornm,
915 3970 1088 4030 responsione
1115 3971 1365 4035 Agrippinensium:
1399 3979 1516 4046 Vectigal
1540 3991 1566 4035 et

228 4051 323 4118 uerri]
343 4052 470 4104 Grlmmic
482 4050 645 4114 Mptbothie
659 4050 708 4100 lid.
722 4049 758 4098 11.
773 4063 799 4113 p.
813 4048 876 4098 179.
915 4063 996 4099 onera
1015 4053 1228 4100 commerciorum
1246 4048 1326 4116 (quae
1345 4065 1421 4109 erant
1437 4062 1506 4113 inter
1524 4076 1565 4114 ne·

229 4139 271 4187 eat
287 4132 335 4183 lio
352 4136 437 4197 potius
461 4144 540 4193 quem
570 4129 696 4180 Wuotura·
725 4128 778 4180 Cir.
804 4128 877 4192 apud
915 4129 987 4180 ditus
1008 4129 1138 4194 coioniae)
1157 4132 1328 4196 reauioimus,·
1358 4140 1411 4189 atnt
1435 4144 1566 4192 transitus

231 4213 347 4264 eundem
367 4226 393 4275 p.
415 4213 459 4263 19.
479 4211 590 4273 Procnp.
611 4210 644 4260 de
664 4208 732 4260 bello
751 4208 829 4260 Getis.
849 4209 877 4265 9,
915 4211 1092 4261 incustoditis
1115 4237 1144 4249 -
1172 4227 1262 4264 murce
1281 4240 1291 4251 ·
1308 4242 1320 4253 ·
1340 4217 1497 4286 decreberis]
1518 4236 1566 4286 pro

231 4294 275 4346 15.
295 4293 328 4343 de
345 4291 459 4344 Thuittia
471 4294 525 4342 atre
538 4289 729 4341 scandinavia:
751 4282 877 4360 ada'qu
915 4290 1014 4353 vulgari
1032 4304 1122 4342 marca
1139 4292 1265 4344 diruatis.
1288 4321 1317 4333 -
1337 4297 1419 4348 turem
1437 4300 1567 4367 diemque]

230 4370 302 4425 neca
318 4370 471 4438 νομίζουσι
488 4372 630 4437 μέγιστον
653 4364 737 4420 εἶναι.
764 4391 797 4403 -
822 4380 879 4419 cae·
915 4365 950 4421 ἓν
967 4367 1016 4420 ded
1033 4368 1126 4429 ducta,
1146 4376 1221 4423 euius
1247 4375 1308 4425 odio
1335 4377 1429 4429 ductus
1455 4385 1568 4444 scriptor

232 4453 286 4503 qm
302 4479 313 4491 .
331 4476 342 4488 -
359 4446 524 4514 decrerunt]
548 4448 648 4500 actitent
665 4446 804 4500 altitudine
823 4461 879 4498 mu·
917 4447 984 4499 Cod.
995 4447 1113 4499 Vaticani
1131 4449 1212 4501 iucem
1228 4459 1388 4519 noctemque,
1410 4471 1464 4521 quo
1477 4477 1567 4534 aepu-

233 4545 321 4584 reaunn
344 4530 534 4592 raiiorumque.
559 4530 733 4580 111111-
757 4523 879 4590 inermes]
916 4523 1098 4600 διορθώματι
1128 4529 1232 4592 decepit
1259 4537 1344 4596 ipsunt
1380 4538 1507 4601 niarium.
1536 4564 1565 4577 -

232 4612 299 4664 Nam
318 4610 441 4662 Germani
458 4609 526 4660 nibil
550 4621 635 4673 neque
657 4607 776 4671 pnblicce
799 4619 881 4671 neque
917 4606 1039 4671 abruptis
1064 4607 1262 4675 voluptatibus]
1294 4615 1365 4667 tiitco
1392 4624 1418 4668 et
1442 4619 1484 4671 rel
1508 4632 1567 4671 cum

230 4693 355 4756 mine
372 4691 411 4741 ret
427 4690 481 4738 ctat
497 4689 599 4739 armati
615 4691 709 4751 egunt.
726 4685 815 4737 Germ.
835 4685 879 4736 tt.
918 4687 1042 4738 violentia
1060 4693 1167 4739 remotis
1180 4697 1258 4756 atque
1273 4700 1415 4759 exstinctis,
1431 4700 1499 4757 119,
1512 4699 1566 4752 53:

235 4772 279 4823 Ste
305 4774 360 4834 ipae
388 4770 495 4820 memini
522 4773 583 4819 ante
613 4767 661 4819 boa
690 4767 880 4831 qulnquaginta
919 4766 1041 4830 abruptis
1056 4768 1127 4818 vitoe
1139 4769 1335 4836 itendtmentte
1350 4776 1382 4826 de
1395 4777 1500 4833 Othone
1514 4793 1569 4832 mo·

235 4864 318 4904 annea
335 4851 445 4900 rusticos
468 4846 640 4906 lerinenses,
668 4859 780 4911 quorum
808 4853 883 4907 pater
919 4850 1011 4897 ritune.
1034 4870 1064 4882 -
1083 4849 1176 4910 quites
1193 4850 1316 4917 Romani]
1340 4855 1413 4907 lnter
1436 4859 1568 4911 Romanae

235 4944 311 4983 „ena
327 4927 474 4993 praelectas
492 4923 655 4990 (tanducpti
678 4933 749 4986 erat,
777 4937 883 4989 semper
919 4933 987 4978 artes
1006 4924 1056 4976 iuti
1072 4927 1105 4979 ad
1124 4929 1243 4983 beminen
1262 4936 1288 4984 in
1315 4936 1426 4998 imperto
1450 4944 1570 4992 retinen-

236 5010 327 5078 gtadita
344 5011 474 5060 accinctos
492 5009 519 5057 in
538 5009 654 5058 vicorum
672 5017 780 5056 auorum
802 5008 883 5057 cemi-
920 5007 967 5059 dea
994 5006 1096 5059 melitae
1122 5012 1191 5062 rirea
1221 5025 1312 5065 eorum
1340 5021 1368 5066 ei
1391 5030 1439 5081 per
1463 5022 1570 5074 deliciae

236 5095 272 5142 tta
290 5090 380 5143 tenire
398 5085 523 5139 Kalendis
539 5086 626 5139 blatta.
646 5110 680 5122 -
701 5085 749 5136 aab
767 5083 882 5149 waisdo]
920 5099 1099 5153 amoenneque
1118 5089 1264 5152 voluptates
1288 5092 1501 5166 transennam.
1524 5103 1568 5153 91.

237 5169 269 5223 11
291 5168 423 5223 11111111
449 5169 530 5232 igitur
556 5164 713 5218 intrantibus
736 5166 883 5219 addebatur
920 5167 996 5219 Lare.
1017 5190 1049 5205 -·
1068 5179 1102 5220 en
1118 5167 1296 5233 negociatori
1325 5174 1381 5230 τοῦ
1404 5174 1489 5241 ἴσου,
1518 5184 1570 5234 «ita
