<?xml version="1.0" encoding="UTF-8"?>
<!DOCTYPE html PUBLIC "-//W3C//DTD XHTML 1.0 Transitional//EN"
    "http://www.w3.org/TR/xhtml1/DTD/xhtml1-transitional.dtd">
<html xmlns="http://www.w3.org/1999/xhtml" xml:lang="en" lang="en">
 <head>
  <title>
</title>
<meta http-equiv="Content-Type" content="text/html;charset=utf-8" />
  <meta name='ocr-system' content='tesseract 3.04.00' />
  <meta name='ocr-capabilities' content='ocr_page ocr_carea ocr_par ocr_line ocrx_word'/>
</head>
<body>
  <div class='ocr_page' id='page_1' title='image "./opera01unkngoog/opera01unkngoog_0027.png"; bbox 0 0 3725 5892; ppageno 0'>
   <div class='ocr_carea' id='block_1_1' title="bbox 1221 491 1551 557">
    <p class='ocr_par' dir='ltr' id='par_1_1' title="bbox 1221 491 1551 557">
     <span class='ocr_line' id='line_1_1' title="bbox 1221 491 1551 557; baseline 0.003 -2"><span class='ocrx_word' id='word_1_1' title='bbox 1221 491 1458 557; x_wconf 73' lang='lat' dir='ltr'>LIBER</span> <span class='ocrx_word' id='word_1_2' title='bbox 1497 493 1551 556; x_wconf 93' lang='grc' dir='ltr'><strong>Ι.</strong></span> 
     </span>
    </p>
   </div>
   <div class='ocr_carea' id='block_1_2' title="bbox 1641 490 2951 577">
    <p class='ocr_par' dir='ltr' id='par_1_2' title="bbox 1641 490 2951 577">
     <span class='ocr_line' id='line_1_2' title="bbox 1641 490 2951 577; baseline 0.002 -20"><span class='ocrx_word' id='word_1_3' title='bbox 1641 490 1794 577; x_wconf 79' lang='lat' dir='ltr'><strong>Cap.</strong></span> <span class='ocrx_word' id='word_1_4' title='bbox 1840 495 1905 558; x_wconf 84' lang='lat'><strong>3.</strong></span> <span class='ocrx_word' id='word_1_5' title='bbox 1952 493 2018 559; x_wconf 78' lang='grc'><strong>4.</strong></span> <span class='ocrx_word' id='word_1_6' title='bbox 2908 494 2951 559; x_wconf 86' lang='grc'><strong>’1</strong></span> 
     </span>
    </p>
   </div>
   <div class='ocr_carea' id='block_1_3' title="bbox 305 649 3025 1984">
    <p class='ocr_par' dir='ltr' id='par_1_3' title="bbox 305 649 3025 1984">
     <span class='ocr_line' id='line_1_3' title="bbox 460 649 2950 740; baseline 0.001 -21"><span class='ocrx_word' id='word_1_7' title='bbox 460 649 538 736; x_wconf 74' lang='grc'><strong>(4)</strong></span> <span class='ocrx_word' id='word_1_8' title='bbox 600 652 893 718; x_wconf 86' lang='lat' dir='ltr'><strong>Ceterum</strong></span> <span class='ocrx_word' id='word_1_9' title='bbox 952 655 1287 736; x_wconf 74' lang='lat' dir='ltr'><strong>antequam</strong></span> <span class='ocrx_word' id='word_1_10' title='bbox 1359 649 1664 718; x_wconf 78' lang='lat' dir='ltr'><strong>destinata</strong></span> <span class='ocrx_word' id='word_1_11' title='bbox 1722 672 2093 739; x_wconf 83' lang='lat' dir='ltr'><strong>componam</strong></span> <span class='ocrx_word' id='word_1_12' title='bbox 2116 699 2137 729; x_wconf 92' lang='lat'>‚</span> <span class='ocrx_word' id='word_1_13' title='bbox 2222 650 2630 740; x_wconf 88' lang='lat' dir='ltr'><strong>repetendum</strong></span> <span class='ocrx_word' id='word_1_14' title='bbox 2693 654 2950 721; x_wconf 79' lang='lat' dir='ltr'><strong>videtur</strong></span> 
     </span>
     <span class='ocr_line' id='line_1_4' title="bbox 313 763 2941 854; baseline 0.001 -23"><span class='ocrx_word' id='word_1_15' title='bbox 313 766 494 851; x_wconf 78' lang='lat' dir='ltr'><strong>qualis</strong></span> <span class='ocrx_word' id='word_1_16' title='bbox 532 770 727 831; x_wconf 84' lang='lat' dir='ltr'><strong>status</strong></span> <span class='ocrx_word' id='word_1_17' title='bbox 766 763 973 840; x_wconf 88' lang='lat' dir='ltr'><strong>urbis,</strong></span> <span class='ocrx_word' id='word_1_18' title='bbox 1039 784 1198 847; x_wconf 86' lang='lat' dir='ltr'><strong>quae</strong></span> <span class='ocrx_word' id='word_1_19' title='bbox 1239 785 1419 831; x_wconf 88' lang='lat' dir='ltr'><strong>mens</strong></span> <span class='ocrx_word' id='word_1_20' title='bbox 1462 765 1851 833; x_wconf 80' lang='lat' dir='ltr'>exercituum</span> <span class='ocrx_word' id='word_1_21' title='bbox 1873 815 1889 840; x_wconf 85' lang='lat'>,</span> <span class='ocrx_word' id='word_1_22' title='bbox 1957 769 2096 854; x_wconf 86' lang='lat' dir='ltr'><strong>quis</strong></span> <span class='ocrx_word' id='word_1_23' title='bbox 2151 765 2404 832; x_wconf 81' lang='lat' dir='ltr'><strong>habitus</strong></span> <span class='ocrx_word' id='word_1_24' title='bbox 2444 768 2941 854; x_wconf 80' lang='lat' dir='ltr'><strong>provinciarum,</strong></span> 
     </span>
     <span class='ocr_line' id='line_1_5' title="bbox 311 876 2946 967; baseline 0.001 -23"><span class='ocrx_word' id='word_1_25' title='bbox 311 880 445 964; x_wconf 84' lang='lat' dir='ltr'><strong>qnid</strong></span> <span class='ocrx_word' id='word_1_26' title='bbox 483 880 551 944; x_wconf 87' lang='lat' dir='ltr'><strong>in</strong></span> <span class='ocrx_word' id='word_1_27' title='bbox 590 884 725 944; x_wconf 88' lang='lat' dir='ltr'><strong>toto</strong></span> <span class='ocrx_word' id='word_1_28' title='bbox 769 883 1078 942; x_wconf 82' lang='lat' dir='ltr'><strong>terrarum</strong></span> <span class='ocrx_word' id='word_1_29' title='bbox 1120 876 1280 944; x_wconf 88' lang='lat' dir='ltr'><strong>orbe</strong></span> <span class='ocrx_word' id='word_1_30' title='bbox 1320 877 1631 956; x_wconf 82' lang='lat' dir='ltr'><strong>validum,</strong></span> <span class='ocrx_word' id='word_1_31' title='bbox 1687 878 1838 964; x_wconf 82' lang='lat' dir='ltr'><strong>quid</strong></span> <span class='ocrx_word' id='word_1_32' title='bbox 1883 900 2143 967; x_wconf 76' lang='lat' dir='ltr'><strong>aegrum</strong></span> <span class='ocrx_word' id='word_1_33' title='bbox 2184 879 2407 957; x_wconf 82' lang='lat' dir='ltr'><strong>fuerit,</strong></span> <span class='ocrx_word' id='word_1_34' title='bbox 2467 888 2538 946; x_wconf 92' lang='lat' dir='ltr'><strong>ut</strong></span> <span class='ocrx_word' id='word_1_35' title='bbox 2581 900 2711 946; x_wconf 88' lang='lat' dir='ltr'><strong>non</strong></span> <span class='ocrx_word' id='word_1_36' title='bbox 2751 879 2946 947; x_wconf 91' lang='lat' dir='ltr'><strong>modo</strong></span> 
     </span>
     <span class='ocr_line' id='line_1_6' title="bbox 309 991 2944 1078; baseline 0 -20"><span class='ocrx_word' id='word_1_37' title='bbox 309 1011 470 1058; x_wconf 78' lang='lat' dir='ltr'><strong>casus</strong></span> <span class='ocrx_word' id='word_1_38' title='bbox 522 997 911 1075; x_wconf 81' lang='lat' dir='ltr'><strong>eventusque</strong></span> <span class='ocrx_word' id='word_1_39' title='bbox 973 1011 1217 1066; x_wconf 85' lang='lat' dir='ltr'><strong>rernm,</strong></span> <span class='ocrx_word' id='word_1_40' title='bbox 1285 994 1392 1077; x_wconf 88' lang='lat' dir='ltr'><strong>qui</strong></span> <span class='ocrx_word' id='word_1_41' title='bbox 1445 992 1816 1078; x_wconf 88' lang='lat' dir='ltr'><strong>plerumque</strong></span> <span class='ocrx_word' id='word_1_42' title='bbox 1873 992 2119 1059; x_wconf 81' lang='lat' dir='ltr'><strong>fortuiti</strong></span> <span class='ocrx_word' id='word_1_43' title='bbox 2162 1002 2334 1070; x_wconf 91' lang='lat' dir='ltr'><strong>sunt,</strong></span> <span class='ocrx_word' id='word_1_44' title='bbox 2398 991 2508 1059; x_wconf 88' lang='lat' dir='ltr'><strong>sed</strong></span> <span class='ocrx_word' id='word_1_45' title='bbox 2550 995 2707 1059; x_wconf 79' lang='lat' dir='ltr'><strong>ratio</strong></span> <span class='ocrx_word' id='word_1_46' title='bbox 2753 995 2944 1059; x_wconf 80' lang='lat' dir='ltr'><strong>etiam</strong></span> 
     </span>
     <span class='ocr_line' id='line_1_7' title="bbox 308 1102 2992 1194; baseline 0.001 -22"><span class='ocrx_word' id='word_1_47' title='bbox 308 1124 639 1190; x_wconf 71' lang='lat' dir='ltr'><strong>cannaeque</strong></span> <span class='ocrx_word' id='word_1_48' title='bbox 704 1110 1056 1171; x_wconf 82' lang='lat' dir='ltr'><strong>noscantur.</strong></span> <span class='ocrx_word' id='word_1_49' title='bbox 1129 1102 1267 1171; x_wconf 85' lang='lat' dir='ltr'><strong>finis</strong></span> <span class='ocrx_word' id='word_1_50' title='bbox 1323 1105 1590 1172; x_wconf 87' lang='lat' dir='ltr'><strong>Neronis</strong></span> <span class='ocrx_word' id='word_1_51' title='bbox 1640 1111 1716 1172; x_wconf 68' lang='lat' dir='ltr'><strong>&#39;ut</strong></span> <span class='ocrx_word' id='word_1_52' title='bbox 1769 1105 1965 1172; x_wconf 79' lang='lat' dir='ltr'><strong>laetus</strong></span> <span class='ocrx_word' id='word_1_53' title='bbox 2007 1105 2211 1193; x_wconf 88' lang='lat' dir='ltr'><strong>primo</strong></span> <span class='ocrx_word' id='word_1_54' title='bbox 2257 1103 2658 1191; x_wconf 80' lang='lat' dir='ltr'><strong>gaudentium</strong></span> <span class='ocrx_word' id='word_1_55' title='bbox 2700 1106 2938 1194; x_wconf 84' lang='lat' dir='ltr'><strong>impetu</strong></span> <span class='ocrx_word' id='word_1_56' title='bbox 2965 1135 2992 1176; x_wconf 83' lang='lat' dir='ltr'><strong>s</strong></span> 
     </span>
     <span class='ocr_line' id='line_1_8' title="bbox 307 1216 2945 1306; baseline 0 -22"><span class='ocrx_word' id='word_1_57' title='bbox 307 1217 522 1296; x_wconf 76' lang='lat' dir='ltr'><strong>fuerat,</strong></span> <span class='ocrx_word' id='word_1_58' title='bbox 593 1220 684 1287; x_wconf 82' lang='lat' dir='ltr'><strong>ita</strong></span> <span class='ocrx_word' id='word_1_59' title='bbox 735 1216 942 1284; x_wconf 80' lang='lat' dir='ltr'><strong>varios</strong></span> <span class='ocrx_word' id='word_1_60' title='bbox 997 1225 1206 1285; x_wconf 90' lang='lat' dir='ltr'><strong>motus</strong></span> <span class='ocrx_word' id='word_1_61' title='bbox 1264 1220 1618 1285; x_wconf 81' lang='lat' dir='ltr'><strong>animorum</strong></span> <span class='ocrx_word' id='word_1_62' title='bbox 1659 1239 1787 1286; x_wconf 89' lang='lat' dir='ltr'><strong>non</strong></span> <span class='ocrx_word' id='word_1_63' title='bbox 1831 1216 2021 1285; x_wconf 89' lang='lat' dir='ltr'><strong>modo</strong></span> <span class='ocrx_word' id='word_1_64' title='bbox 2063 1221 2131 1284; x_wconf 89' lang='lat' dir='ltr'><strong>iu</strong></span> <span class='ocrx_word' id='word_1_65' title='bbox 2173 1221 2334 1284; x_wconf 88' lang='lat' dir='ltr'><strong>urbe</strong></span> <span class='ocrx_word' id='word_1_66' title='bbox 2378 1221 2544 1305; x_wconf 80' lang='lat' dir='ltr'><strong>apud</strong></span> <span class='ocrx_word' id='word_1_67' title='bbox 2585 1224 2795 1306; x_wconf 81' lang='lat' dir='ltr'><strong>patres</strong></span> <span class='ocrx_word' id='word_1_68' title='bbox 2838 1227 2945 1285; x_wconf 79' lang='lat' dir='ltr'><strong>aut</strong></span> 
     </span>
     <span class='ocr_line' id='line_1_9' title="bbox 307 1328 2941 1420; baseline 0 -22"><span class='ocrx_word' id='word_1_69' title='bbox 307 1330 595 1419; x_wconf 75' lang='lat' dir='ltr'><strong>populum</strong></span> <span class='ocrx_word' id='word_1_70' title='bbox 637 1338 748 1398; x_wconf 81' lang='lat' dir='ltr'><strong>aut</strong></span> <span class='ocrx_word' id='word_1_71' title='bbox 787 1328 1094 1396; x_wconf 80' lang='lat' dir='ltr'><strong>urbanum</strong></span> <span class='ocrx_word' id='word_1_72' title='bbox 1135 1331 1397 1398; x_wconf 88' lang='lat' dir='ltr'><strong>militem</strong></span> <span class='ocrx_word' id='word_1_73' title='bbox 1413 1379 1432 1408; x_wconf 91' lang='lat'>,</span> <span class='ocrx_word' id='word_1_74' title='bbox 1477 1331 1590 1398; x_wconf 89' lang='lat' dir='ltr'><strong>sed</strong></span> <span class='ocrx_word' id='word_1_75' title='bbox 1633 1352 1852 1398; x_wconf 88' lang='lat' dir='ltr'><strong>omnes</strong></span> <span class='ocrx_word' id='word_1_76' title='bbox 1893 1333 2176 1416; x_wconf 74' lang='lat' dir='ltr'><strong>legiones</strong></span> <span class='ocrx_word' id='word_1_77' title='bbox 2221 1335 2534 1420; x_wconf 84' lang='lat' dir='ltr'><strong>ducesque</strong></span> <span class='ocrx_word' id='word_1_78' title='bbox 2561 1332 2941 1410; x_wconf 77' lang='lat' dir='ltr'><strong>conciverat,</strong></span> 
     </span>
     <span class='ocr_line' id='line_1_10' title="bbox 308 1443 2948 1532; baseline 0 -21"><span class='ocrx_word' id='word_1_79' title='bbox 308 1446 581 1530; x_wconf 75' lang='lat' dir='ltr'><strong>evulgato</strong></span> <span class='ocrx_word' id='word_1_80' title='bbox 624 1444 876 1532; x_wconf 85' lang='lat' dir='ltr'><strong>imperii</strong></span> <span class='ocrx_word' id='word_1_81' title='bbox 916 1464 1185 1521; x_wconf 75' lang='lat' dir='ltr'><strong>arcam,</strong></span> <span class='ocrx_word' id='word_1_82' title='bbox 1247 1464 1433 1529; x_wconf 88' lang='lat' dir='ltr'><strong>posse</strong></span> <span class='ocrx_word' id='word_1_83' title='bbox 1485 1445 1832 1531; x_wconf 85' lang='lat' dir='ltr'><strong>principem</strong></span> <span class='ocrx_word' id='word_1_84' title='bbox 1888 1446 2037 1510; x_wconf 80' lang='lat' dir='ltr'><strong>alibi</strong></span> <span class='ocrx_word' id='word_1_85' title='bbox 2082 1465 2269 1530; x_wconf 83' lang='lat' dir='ltr'><strong>quam</strong></span> <span class='ocrx_word' id='word_1_86' title='bbox 2314 1448 2551 1510; x_wconf 82' lang='lat' dir='ltr'><strong>Romae</strong></span> <span class='ocrx_word' id='word_1_87' title='bbox 2593 1443 2754 1511; x_wconf 85' lang='lat' dir='ltr'><strong>fieri.</strong></span> <span class='ocrx_word' id='word_1_88' title='bbox 2832 1444 2948 1512; x_wconf 88' lang='lat' dir='ltr'><strong>sed</strong></span> 
     </span>
     <span class='ocr_line' id='line_1_11' title="bbox 305 1556 2949 1645; baseline 0.001 -22"><span class='ocrx_word' id='word_1_89' title='bbox 305 1567 498 1643; x_wconf 83' lang='lat' dir='ltr'><strong>patrea</strong></span> <span class='ocrx_word' id='word_1_90' title='bbox 542 1560 720 1634; x_wconf 83' lang='lat' dir='ltr'><strong>laeti,</strong></span> <span class='ocrx_word' id='word_1_91' title='bbox 783 1565 1086 1644; x_wconf 77' lang='lat' dir='ltr'><strong>usurpata</strong></span> <span class='ocrx_word' id='word_1_92' title='bbox 1127 1557 1334 1625; x_wconf 74' lang='lat' dir='ltr'><strong>statim</strong></span> <span class='ocrx_word' id='word_1_93' title='bbox 1375 1556 1659 1624; x_wconf 78' lang='lat' dir='ltr'><strong>libertate</strong></span> <span class='ocrx_word' id='word_1_94' title='bbox 1701 1557 1986 1624; x_wconf 89' lang='lat' dir='ltr'><strong>licentius</strong></span> <span class='ocrx_word' id='word_1_95' title='bbox 2029 1565 2099 1623; x_wconf 93' lang='lat' dir='ltr'><strong>ut</strong></span> <span class='ocrx_word' id='word_1_96' title='bbox 2137 1578 2287 1643; x_wconf 80' lang='lat' dir='ltr'><strong>erga</strong></span> <span class='ocrx_word' id='word_1_97' title='bbox 2329 1556 2674 1645; x_wconf 86' lang='lat' dir='ltr'><strong>principem</strong></span> <span class='ocrx_word' id='word_1_98' title='bbox 2716 1578 2949 1625; x_wconf 81' lang='lat' dir='ltr'><strong>novum</strong></span> 
     </span>
     <span class='ocr_line' id='line_1_12' title="bbox 307 1669 3025 1758; baseline 0 -21"><span class='ocrx_word' id='word_1_99' title='bbox 307 1679 364 1737; x_wconf 89' lang='lat' dir='ltr'><strong>et</strong></span> <span class='ocrx_word' id='word_1_100' title='bbox 407 1669 764 1750; x_wconf 81' lang='lat' dir='ltr'><strong>absentem3</strong></span> <span class='ocrx_word' id='word_1_101' title='bbox 838 1675 1151 1757; x_wconf 82' lang='lat' dir='ltr'><strong>primores</strong></span> <span class='ocrx_word' id='word_1_102' title='bbox 1209 1673 1488 1757; x_wconf 85' lang='lat' dir='ltr'><strong>equitum</strong></span> <span class='ocrx_word' id='word_1_103' title='bbox 1551 1670 1826 1754; x_wconf 84' lang='lat' dir='ltr'><strong>proximi</strong></span> <span class='ocrx_word' id='word_1_104' title='bbox 1883 1669 2111 1755; x_wconf 78' lang='lat' dir='ltr'><strong>gaudio</strong></span> <span class='ocrx_word' id='word_1_105' title='bbox 2165 1679 2443 1758; x_wconf 81' lang='lat' dir='ltr'><strong>patrum3</strong></span> <span class='ocrx_word' id='word_1_106' title='bbox 2519 1690 2662 1756; x_wconf 85' lang='lat' dir='ltr'><strong>pars</strong></span> <span class='ocrx_word' id='word_1_107' title='bbox 2722 1673 2941 1756; x_wconf 85' lang='lat' dir='ltr'><strong>populi</strong></span> <span class='ocrx_word' id='word_1_108' title='bbox 2966 1686 3025 1726; x_wconf 81' lang='lat'><strong>¹⁰</strong></span> 
     </span>
     <span class='ocr_line' id='line_1_13' title="bbox 307 1783 2949 1870; baseline 0.001 -22"><span class='ocrx_word' id='word_1_109' title='bbox 307 1786 531 1868; x_wconf 72' lang='lat' dir='ltr'><strong>integ-ra</strong></span> <span class='ocrx_word' id='word_1_110' title='bbox 575 1792 643 1850; x_wconf 90' lang='lat' dir='ltr'><strong>et</strong></span> <span class='ocrx_word' id='word_1_111' title='bbox 691 1783 932 1870; x_wconf 77' lang='lat' dir='ltr'><strong>maguis</strong></span> <span class='ocrx_word' id='word_1_112' title='bbox 989 1784 1280 1852; x_wconf 80' lang='lat' dir='ltr'><strong>domibus</strong></span> <span class='ocrx_word' id='word_1_113' title='bbox 1333 1786 1617 1861; x_wconf 80' lang='lat' dir='ltr'><strong>adnexa,</strong></span> <span class='ocrx_word' id='word_1_114' title='bbox 1692 1786 1953 1850; x_wconf 90' lang='lat' dir='ltr'><strong>clientes</strong></span> <span class='ocrx_word' id='word_1_115' title='bbox 2011 1783 2348 1870; x_wconf 80' lang='lat' dir='ltr'><strong>libertique</strong></span> <span class='ocrx_word' id='word_1_116' title='bbox 2402 1786 2834 1850; x_wconf 78' lang='lat' dir='ltr'><strong>damnatorum</strong></span> <span class='ocrx_word' id='word_1_117' title='bbox 2883 1793 2949 1850; x_wconf 88' lang='lat' dir='ltr'><strong>et</strong></span> 
     </span>
     <span class='ocr_line' id='line_1_14' title="bbox 307 1895 2952 1984; baseline 0.001 -23"><span class='ocrx_word' id='word_1_118' title='bbox 307 1897 590 1964; x_wconf 82' lang='lat' dir='ltr'><strong>exsulum</strong></span> <span class='ocrx_word' id='word_1_119' title='bbox 634 1897 702 1963; x_wconf 92' lang='lat' dir='ltr'><strong>in</strong></span> <span class='ocrx_word' id='word_1_120' title='bbox 754 1917 930 1984; x_wconf 86' lang='lat' dir='ltr'><strong>spem</strong></span> <span class='ocrx_word' id='word_1_121' title='bbox 961 1896 1191 1963; x_wconf 89' lang='lat' dir='ltr'><strong>erecti:</strong></span> <span class='ocrx_word' id='word_1_122' title='bbox 1255 1895 1435 1984; x_wconf 85' lang='lat' dir='ltr'><strong>plebs</strong></span> <span class='ocrx_word' id='word_1_123' title='bbox 1478 1896 1731 1964; x_wconf 80' lang='lat' dir='ltr'><strong>sordida</strong></span> <span class='ocrx_word' id='word_1_124' title='bbox 1774 1904 1836 1964; x_wconf 91' lang='lat' dir='ltr'><strong>et</strong></span> <span class='ocrx_word' id='word_1_125' title='bbox 1879 1898 2047 1963; x_wconf 88' lang='lat' dir='ltr'><strong>circo</strong></span> <span class='ocrx_word' id='word_1_126' title='bbox 2091 1917 2166 1964; x_wconf 80' lang='lat' dir='ltr'><strong>ac</strong></span> <span class='ocrx_word' id='word_1_127' title='bbox 2206 1895 2466 1963; x_wconf 80' lang='lat' dir='ltr'><strong>theatris</strong></span> <span class='ocrx_word' id='word_1_128' title='bbox 2508 1904 2720 1975; x_wconf 80' lang='lat' dir='ltr'><strong>sueta,</strong></span> <span class='ocrx_word' id='word_1_129' title='bbox 2768 1898 2952 1965; x_wconf 88' lang='lat' dir='ltr'><strong>simul</strong></span> 
     </span>
    </p>
   </div>
   <div class='ocr_carea' id='block_1_4' title="bbox 425 2055 2949 2126">
    <p class='ocr_par' dir='ltr' id='par_1_4' title="bbox 425 2055 2949 2126">
     <span class='ocr_line' id='line_1_15' title="bbox 425 2055 2949 2126; baseline 0 -14"><span class='ocrx_word' id='word_1_130' title='bbox 425 2060 480 2112; x_wconf 72' lang='lat'><strong>9.</strong></span> <span class='ocrx_word' id='word_1_131' title='bbox 521 2059 717 2113; x_wconf 73' lang='lat' dir='ltr'><strong>laetius</strong></span> <span class='ocrx_word' id='word_1_132' title='bbox 749 2056 1017 2126; x_wconf 59' lang='lat' dir='ltr'><strong>usurpatis*</strong></span> <span class='ocrx_word' id='word_1_133' title='bbox 1048 2062 1231 2113; x_wconf 77' lang='lat' dir='ltr'><strong>statim</strong></span> <span class='ocrx_word' id='word_1_134' title='bbox 1274 2055 1520 2114; x_wconf 58' lang='lat' dir='ltr'><strong>libertate</strong></span> <span class='ocrx_word' id='word_1_135' title='bbox 1551 2061 1625 2113; x_wconf 78' lang='lat' dir='ltr'><strong>M.</strong></span> <span class='ocrx_word' id='word_1_136' title='bbox 1668 2086 1725 2099; x_wconf 97' lang='lat'>—</span> <span class='ocrx_word' id='word_1_137' title='bbox 1787 2061 1873 2112; x_wconf 84' lang='lat'><strong>11.</strong></span> <span class='ocrx_word' id='word_1_138' title='bbox 1908 2055 2121 2125; x_wconf 68' lang='lat' dir='ltr'><strong>intem-E</strong></span> <span class='ocrx_word' id='word_1_139' title='bbox 2151 2060 2230 2113; x_wconf 75' lang='lat' dir='ltr'><strong>M.</strong></span> <span class='ocrx_word' id='word_1_140' title='bbox 2274 2086 2337 2098; x_wconf 94' lang='lat'>—</span> <span class='ocrx_word' id='word_1_141' title='bbox 2391 2060 2481 2111; x_wconf 76' lang='lat'><strong>12.</strong></span> <span class='ocrx_word' id='word_1_142' title='bbox 2522 2059 2735 2112; x_wconf 62' lang='lat' dir='ltr'><strong>muium</strong></span> <span class='ocrx_word' id='word_1_143' title='bbox 2772 2062 2849 2116; x_wconf 75' lang='lat' dir='ltr'><strong>M.</strong></span> <span class='ocrx_word' id='word_1_144' title='bbox 2886 2088 2949 2100; x_wconf 92' lang='lat'>—</span> 
     </span>
    </p>
   </div>
   <div class='ocr_carea' id='block_1_5' title="bbox 302 2130 576 2184">
    <p class='ocr_par' dir='ltr' id='par_1_5' title="bbox 302 2130 576 2184">
     <span class='ocr_line' id='line_1_16' title="bbox 302 2130 576 2184; baseline 0.015 -4"><span class='ocrx_word' id='word_1_145' title='bbox 302 2135 465 2182; x_wconf 81' lang='lat' dir='ltr'><strong>suetas</strong></span> <span class='ocrx_word' id='word_1_146' title='bbox 500 2130 576 2184; x_wconf 73' lang='grc' dir='ltr'><strong>Ι.</strong></span> 
     </span>
    </p>
   </div>
   <div class='ocr_carea' id='block_1_6' title="bbox 301 2285 1598 5230">
    <p class='ocr_par' dir='ltr' id='par_1_6' title="bbox 301 2285 1598 5072">
     <span class='ocr_line' id='line_1_17' title="bbox 304 2285 1587 2350; baseline -0.001 -13"><span class='ocrx_word' id='word_1_147' title='bbox 304 2285 535 2338; x_wconf 69' lang='lat' dir='ltr'><strong>Wsun.</strong></span> <span class='ocrx_word' id='word_1_148' title='bbox 592 2285 834 2350; x_wconf 77' lang='lat' dir='ltr'><strong>Intellige</strong></span> <span class='ocrx_word' id='word_1_149' title='bbox 887 2288 1192 2348; x_wconf 89' lang='lat' dir='ltr'><strong>praesertim</strong></span> <span class='ocrx_word' id='word_1_150' title='bbox 1247 2287 1311 2340; x_wconf 92' lang='lat' dir='ltr'><strong>de</strong></span> <span class='ocrx_word' id='word_1_151' title='bbox 1359 2289 1587 2340; x_wconf 76' lang='lat' dir='ltr'><strong>virorum</strong></span> 
     </span>
     <span class='ocr_line' id='line_1_18' title="bbox 304 2365 1590 2427; baseline 0.001 -9"><span class='ocrx_word' id='word_1_152' title='bbox 304 2367 547 2419; x_wconf 84' lang='lat' dir='ltr'><strong>clarorum</strong></span> <span class='ocrx_word' id='word_1_153' title='bbox 585 2373 640 2421; x_wconf 90' lang='lat' dir='ltr'><strong>et</strong></span> <span class='ocrx_word' id='word_1_154' title='bbox 689 2365 972 2427; x_wconf 87' lang='lat' dir='ltr'><strong>proborum</strong></span> <span class='ocrx_word' id='word_1_155' title='bbox 1018 2368 1469 2420; x_wconf 70' lang='lat' dir='ltr'><strong>vicissitudinibus</strong></span> <span class='ocrx_word' id='word_1_156' title='bbox 1513 2370 1590 2419; x_wconf 90' lang='lat' dir='ltr'><strong>in-</strong></span> 
     </span>
     <span class='ocr_line' id='line_1_19' title="bbox 303 2446 1588 2511; baseline 0 -13"><span class='ocrx_word' id='word_1_157' title='bbox 303 2447 472 2499; x_wconf 82' lang='lat' dir='ltr'><strong>isustis</strong></span> <span class='ocrx_word' id='word_1_158' title='bbox 509 2460 574 2499; x_wconf 87' lang='lat' dir='ltr'><strong>ac</strong></span> <span class='ocrx_word' id='word_1_159' title='bbox 612 2446 853 2498; x_wconf 82' lang='lat' dir='ltr'><strong>necibus.</strong></span> <span class='ocrx_word' id='word_1_160' title='bbox 925 2447 1206 2510; x_wconf 85' lang='lat' dir='ltr'><strong>Perperam</strong></span> <span class='ocrx_word' id='word_1_161' title='bbox 1245 2461 1412 2511; x_wconf 82' lang='lat' dir='ltr'><strong>nuper</strong></span> <span class='ocrx_word' id='word_1_162' title='bbox 1454 2449 1588 2499; x_wconf 85' lang='lat' dir='ltr'><strong>Bur·</strong></span> 
     </span>
     <span class='ocr_line' id='line_1_20' title="bbox 302 2526 1586 2592; baseline -0.002 -13"><span class='ocrx_word' id='word_1_163' title='bbox 302 2526 424 2579; x_wconf 77' lang='lat' dir='ltr'><strong>noui</strong></span> <span class='ocrx_word' id='word_1_164' title='bbox 453 2534 506 2578; x_wconf 90' lang='lat' dir='ltr'><strong>et</strong></span> <span class='ocrx_word' id='word_1_165' title='bbox 540 2527 827 2578; x_wconf 87' lang='lat' dir='ltr'><strong>Louandre</strong></span> <span class='ocrx_word' id='word_1_166' title='bbox 873 2527 1233 2590; x_wconf 80' lang='lat' dir='ltr'><strong>praetulerunt</strong></span> <span class='ocrx_word' id='word_1_167' title='bbox 1285 2529 1417 2580; x_wconf 85' lang='lat' dir='ltr'><strong>Cod.</strong></span> <span class='ocrx_word' id='word_1_168' title='bbox 1455 2528 1586 2592; x_wconf 74' lang='lat' dir='ltr'><strong>Reg.</strong></span> 
     </span>
     <span class='ocr_line' id='line_1_21' title="bbox 304 2605 1586 2673; baseline 0 -14"><span class='ocrx_word' id='word_1_169' title='bbox 304 2614 352 2659; x_wconf 91' lang='lat' dir='ltr'><strong>et</strong></span> <span class='ocrx_word' id='word_1_170' title='bbox 381 2608 625 2662; x_wconf 76' lang='lat' dir='ltr'><strong>Rhenani</strong></span> <span class='ocrx_word' id='word_1_171' title='bbox 647 2607 884 2658; x_wconf 71' lang='lat' dir='ltr'><strong>iudiciis.</strong></span> <span class='ocrx_word' id='word_1_172' title='bbox 910 2633 974 2644; x_wconf 89' lang='lat'>—</span> <span class='ocrx_word' id='word_1_173' title='bbox 997 2605 1344 2673; x_wconf 77' lang='lat' dir='ltr'><strong>securitatem]</strong></span> <span class='ocrx_word' id='word_1_174' title='bbox 1386 2612 1586 2659; x_wconf 78' lang='lat' dir='ltr'><strong>«vitam</strong></span> 
     </span>
     <span class='ocr_line' id='line_1_22' title="bbox 305 2687 1589 2752; baseline 0.002 -14"><span class='ocrx_word' id='word_1_175' title='bbox 305 2687 514 2740; x_wconf 82' lang='lat' dir='ltr'><strong>liberam</strong></span> <span class='ocrx_word' id='word_1_176' title='bbox 552 2700 585 2739; x_wconf 83' lang='lat' dir='ltr'><strong>a</strong></span> <span class='ocrx_word' id='word_1_177' title='bbox 625 2691 764 2738; x_wconf 86' lang='lat' dir='ltr'><strong>curis</strong></span> <span class='ocrx_word' id='word_1_178' title='bbox 817 2693 871 2739; x_wconf 88' lang='lat' dir='ltr'><strong>et</strong></span> <span class='ocrx_word' id='word_1_179' title='bbox 916 2687 1303 2739; x_wconf 81' lang='lat' dir='ltr'><strong>discriminibus</strong></span> <span class='ocrx_word' id='word_1_180' title='bbox 1361 2689 1589 2752; x_wconf 80' lang='lat' dir='ltr'><strong>ideoque</strong></span> 
     </span>
     <span class='ocr_line' id='line_1_23' title="bbox 304 2767 1589 2830; baseline -0.001 -10"><span class='ocrx_word' id='word_1_181' title='bbox 304 2767 557 2820; x_wconf 77' lang='lat' dir='ltr'><strong>beatam.»</strong></span> <span class='ocrx_word' id='word_1_182' title='bbox 597 2767 940 2830; x_wconf 72' lang='lat' dir='ltr'><strong>Quantopere</strong></span> <span class='ocrx_word' id='word_1_183' title='bbox 976 2775 1152 2820; x_wconf 89' lang='lat' dir='ltr'><strong>autem</strong></span> <span class='ocrx_word' id='word_1_184' title='bbox 1199 2769 1331 2820; x_wconf 89' lang='lat' dir='ltr'><strong>baec</strong></span> <span class='ocrx_word' id='word_1_185' title='bbox 1381 2775 1589 2821; x_wconf 86' lang='lat' dir='ltr'><strong>senten-</strong></span> 
     </span>
     <span class='ocr_line' id='line_1_24' title="bbox 304 2847 1592 2911; baseline -0.002 -13"><span class='ocrx_word' id='word_1_186' title='bbox 304 2852 397 2909; x_wconf 83' lang='lat' dir='ltr'><strong>tia,</strong></span> <span class='ocrx_word' id='word_1_187' title='bbox 449 2850 536 2899; x_wconf 86' lang='lat' dir='ltr'><strong>cni</strong></span> <span class='ocrx_word' id='word_1_188' title='bbox 590 2847 788 2899; x_wconf 88' lang='lat' dir='ltr'><strong>similes</strong></span> <span class='ocrx_word' id='word_1_189' title='bbox 842 2850 1076 2910; x_wconf 75' lang='lat' dir='ltr'><strong>reperies</strong></span> <span class='ocrx_word' id='word_1_190' title='bbox 1122 2850 1260 2898; x_wconf 75' lang='lat' dir='ltr'><strong>Anu.</strong></span> <span class='ocrx_word' id='word_1_191' title='bbox 1299 2849 1368 2911; x_wconf 77' lang='lat'><strong>6,</strong></span> <span class='ocrx_word' id='word_1_192' title='bbox 1410 2849 1498 2898; x_wconf 74' lang='lat'><strong>22.</strong></span> <span class='ocrx_word' id='word_1_193' title='bbox 1538 2851 1592 2899; x_wconf 89' lang='lat' dir='ltr'><strong>et</strong></span> 
     </span>
     <span class='ocr_line' id='line_1_25' title="bbox 304 2926 1592 2990; baseline 0 -13"><span class='ocrx_word' id='word_1_194' title='bbox 304 2928 384 2990; x_wconf 73' lang='grc'><strong>10,</strong></span> <span class='ocrx_word' id='word_1_195' title='bbox 417 2926 531 2988; x_wconf 78' lang='grc'><strong>33.,</strong></span> <span class='ocrx_word' id='word_1_196' title='bbox 569 2940 698 2980; x_wconf 89' lang='lat' dir='ltr'><strong>sane</strong></span> <span class='ocrx_word' id='word_1_197' title='bbox 736 2927 996 2989; x_wconf 88' lang='lat' dir='ltr'><strong>acerbior,</strong></span> <span class='ocrx_word' id='word_1_198' title='bbox 1033 2931 1346 2979; x_wconf 83' lang='lat' dir='ltr'><strong>excruciarit</strong></span> <span class='ocrx_word' id='word_1_199' title='bbox 1383 2934 1592 2980; x_wconf 89' lang='lat' dir='ltr'><strong>nostros</strong></span> 
     </span>
     <span class='ocr_line' id='line_1_26' title="bbox 305 3007 1594 3073; baseline -0.002 -14"><span class='ocrx_word' id='word_1_200' title='bbox 305 3008 589 3073; x_wconf 66' lang='lat' dir='ltr'><strong>philologos</strong></span> <span class='ocrx_word' id='word_1_201' title='bbox 625 3007 976 3065; x_wconf 79' lang='lat' dir='ltr'><strong>Christianos.</strong></span> <span class='ocrx_word' id='word_1_202' title='bbox 1012 3007 1133 3059; x_wconf 79' lang='lat' dir='ltr'><strong>vide</strong></span> <span class='ocrx_word' id='word_1_203' title='bbox 1185 3010 1287 3058; x_wconf 90' lang='lat' dir='ltr'><strong>iam</strong></span> <span class='ocrx_word' id='word_1_204' title='bbox 1332 3009 1470 3070; x_wconf 88' lang='lat' dir='ltr'><strong>apud</strong></span> <span class='ocrx_word' id='word_1_205' title='bbox 1506 3009 1594 3058; x_wconf 80' lang='lat' dir='ltr'><strong>Li-</strong></span> 
     </span>
     <span class='ocr_line' id='line_1_27' title="bbox 305 3087 1594 3149; baseline -0.001 -9"><span class='ocrx_word' id='word_1_206' title='bbox 305 3094 461 3149; x_wconf 78' lang='lat' dir='ltr'><strong>pstum</strong></span> <span class='ocrx_word' id='word_1_207' title='bbox 484 3125 501 3147; x_wconf 87' lang='lat'>‚</span> <span class='ocrx_word' id='word_1_208' title='bbox 559 3093 616 3139; x_wconf 91' lang='lat' dir='ltr'><strong>et</strong></span> <span class='ocrx_word' id='word_1_209' title='bbox 649 3094 826 3139; x_wconf 83' lang='lat' dir='ltr'><strong>nostra</strong></span> <span class='ocrx_word' id='word_1_210' title='bbox 863 3092 1037 3140; x_wconf 88' lang='lat' dir='ltr'><strong>aetate</strong></span> <span class='ocrx_word' id='word_1_211' title='bbox 1073 3087 1214 3148; x_wconf 90' lang='lat' dir='ltr'><strong>apud</strong></span> <span class='ocrx_word' id='word_1_212' title='bbox 1259 3087 1594 3139; x_wconf 82' lang='lat' dir='ltr'><strong>Hoil&#39;meister</strong></span> 
     </span>
     <span class='ocr_line' id='line_1_28' title="bbox 303 3168 1593 3234; baseline 0.001 -17"><span class='ocrx_word' id='word_1_213' title='bbox 303 3169 378 3217; x_wconf 77' lang='lat' dir='ltr'><strong>die</strong></span> <span class='ocrx_word' id='word_1_214' title='bbox 434 3168 917 3234; x_wconf 71' lang='lat' dir='ltr'><strong>Woltanscbmumq</strong></span> <span class='ocrx_word' id='word_1_215' title='bbox 980 3168 1068 3219; x_wconf 80' lang='lat' dir='ltr'><strong>des</strong></span> <span class='ocrx_word' id='word_1_216' title='bbox 1134 3168 1364 3218; x_wconf 79' lang='lat' dir='ltr'><strong>Tacitus.</strong></span> <span class='ocrx_word' id='word_1_217' title='bbox 1430 3169 1593 3218; x_wconf 66' lang='lat' dir='ltr'><strong>Esses·</strong></span> 
     </span>
     <span class='ocr_line' id='line_1_29' title="bbox 308 3247 1593 3310; baseline -0.001 -12"><span class='ocrx_word' id='word_1_218' title='bbox 308 3247 449 3299; x_wconf 77' lang='grc'><strong>1831.</strong></span> <span class='ocrx_word' id='word_1_219' title='bbox 489 3261 542 3310; x_wconf 88' lang='lat' dir='ltr'><strong>p.</strong></span> <span class='ocrx_word' id='word_1_220' title='bbox 587 3249 706 3299; x_wconf 84' lang='grc'><strong>110.</strong></span> <span class='ocrx_word' id='word_1_221' title='bbox 745 3248 995 3300; x_wconf 86' lang='lat' dir='ltr'><strong>Ceterum</strong></span> <span class='ocrx_word' id='word_1_222' title='bbox 1042 3248 1129 3298; x_wconf 85' lang='lat' dir='ltr'><strong>bie</strong></span> <span class='ocrx_word' id='word_1_223' title='bbox 1159 3260 1210 3299; x_wconf 79' lang='lat' dir='ltr'><strong>v.</strong></span> <span class='ocrx_word' id='word_1_224' title='bbox 1260 3247 1593 3298; x_wconf 73' lang='lat' dir='ltr'><strong>securitatem</strong></span> 
     </span>
     <span class='ocr_line' id='line_1_30' title="bbox 306 3325 1590 3385; baseline -0.002 -6"><span class='ocrx_word' id='word_1_225' title='bbox 306 3333 462 3379; x_wconf 75' lang='lat' dir='ltr'><strong>ninus</strong></span> <span class='ocrx_word' id='word_1_226' title='bbox 511 3335 659 3379; x_wconf 86' lang='lat' dir='ltr'><strong>recte</strong></span> <span class='ocrx_word' id='word_1_227' title='bbox 707 3330 867 3380; x_wconf 79' lang='lat' dir='ltr'><strong>vertit</strong></span> <span class='ocrx_word' id='word_1_228' title='bbox 913 3327 1006 3377; x_wconf 79' lang='lat' dir='ltr'><strong>der</strong></span> <span class='ocrx_word' id='word_1_229' title='bbox 1051 3325 1242 3378; x_wconf 70' lang='lat' dir='ltr'><strong>nomer</strong></span> <span class='ocrx_word' id='word_1_230' title='bbox 1277 3327 1590 3385; x_wconf 64' lang='lat' dir='ltr'><strong>siches-hetta</strong></span> 
     </span>
     <span class='ocr_line' id='line_1_31' title="bbox 305 3407 1594 3470; baseline -0.001 -12"><span class='ocrx_word' id='word_1_231' title='bbox 305 3408 479 3461; x_wconf 77' lang='lat' dir='ltr'><strong>melius</strong></span> <span class='ocrx_word' id='word_1_232' title='bbox 514 3407 834 3459; x_wconf 71' lang='lat' dir='ltr'><strong>Louandret</strong></span> <span class='ocrx_word' id='word_1_233' title='bbox 883 3407 954 3458; x_wconf 86' lang='lat' dir='ltr'><strong>les</strong></span> <span class='ocrx_word' id='word_1_234' title='bbox 989 3407 1147 3457; x_wconf 64' lang='lat' dir='ltr'><strong>dicum</strong></span> <span class='ocrx_word' id='word_1_235' title='bbox 1196 3419 1264 3456; x_wconf 76' lang='lat' dir='ltr'><strong>ne</strong></span> <span class='ocrx_word' id='word_1_236' title='bbox 1309 3407 1594 3470; x_wconf 72' lang='lat' dir='ltr'><strong>s’occupestt</strong></span> 
     </span>
     <span class='ocr_line' id='line_1_32' title="bbox 301 3486 1594 3551; baseline -0.001 -13"><span class='ocrx_word' id='word_1_237' title='bbox 301 3501 392 3551; x_wconf 76' lang='lat' dir='ltr'><strong>pes</strong></span> <span class='ocrx_word' id='word_1_238' title='bbox 423 3487 496 3538; x_wconf 75' lang='lat' dir='ltr'><strong>du</strong></span> <span class='ocrx_word' id='word_1_239' title='bbox 531 3488 765 3538; x_wconf 59' lang='lat' dir='ltr'><strong>bonnus·</strong></span> <span class='ocrx_word' id='word_1_240' title='bbox 798 3487 863 3537; x_wconf 86' lang='lat' dir='ltr'><strong>de</strong></span> <span class='ocrx_word' id='word_1_241' title='bbox 897 3486 1148 3543; x_wconf 75' lang='lat' dir='ltr'><strong>l&#39;ltomme,</strong></span> <span class='ocrx_word' id='word_1_242' title='bbox 1186 3488 1324 3537; x_wconf 75' lang='lat' dir='ltr'><strong>mnis</strong></span> <span class='ocrx_word' id='word_1_243' title='bbox 1359 3487 1434 3537; x_wconf 77' lang='lat' dir='ltr'><strong>du</strong></span> <span class='ocrx_word' id='word_1_244' title='bbox 1476 3490 1594 3537; x_wconf 64' lang='grc' dir='ltr'><strong>,ποίη</strong></span> 
     </span>
     <span class='ocr_line' id='line_1_33' title="bbox 305 3566 1596 3632; baseline -0.001 -14"><span class='ocrx_word' id='word_1_245' title='bbox 305 3568 363 3618; x_wconf 81' lang='lat' dir='ltr'><strong>ds</strong></span> <span class='ocrx_word' id='word_1_246' title='bbox 392 3568 436 3619; x_wconf 83' lang='lat' dir='ltr'><strong>ie</strong></span> <span class='ocrx_word' id='word_1_247' title='bbox 466 3568 655 3632; x_wconf 69' lang='lat' dir='ltr'><strong>punir.</strong></span> <span class='ocrx_word' id='word_1_248' title='bbox 712 3566 901 3630; x_wconf 81' lang='lat' dir='ltr'><strong>Neque</strong></span> <span class='ocrx_word' id='word_1_249' title='bbox 937 3579 1059 3619; x_wconf 76' lang='lat' dir='ltr'><strong>vero</strong></span> <span class='ocrx_word' id='word_1_250' title='bbox 1097 3566 1439 3629; x_wconf 88' lang='lat' dir='ltr'><strong>comprobare</strong></span> <span class='ocrx_word' id='word_1_251' title='bbox 1478 3580 1596 3630; x_wconf 88' lang='lat' dir='ltr'><strong>pos·</strong></span> 
     </span>
     <span class='ocr_line' id='line_1_34' title="bbox 307 3646 1594 3708; baseline -0.002 -8"><span class='ocrx_word' id='word_1_252' title='bbox 307 3662 415 3700; x_wconf 81' lang='lat' dir='ltr'><strong>snm</strong></span> <span class='ocrx_word' id='word_1_253' title='bbox 445 3646 720 3701; x_wconf 78' lang='lat' dir='ltr'><strong>Duebneri</strong></span> <span class='ocrx_word' id='word_1_254' title='bbox 762 3649 1291 3708; x_wconf 66' lang='lat' dir='ltr'><strong>interpretationem:</strong></span> <span class='ocrx_word' id='word_1_255' title='bbox 1335 3649 1594 3698; x_wconf 71' lang='lat' dir='ltr'><strong>«securim</strong></span> 
     </span>
     <span class='ocr_line' id='line_1_35' title="bbox 307 3724 1596 3792; baseline -0.001 -14"><span class='ocrx_word' id='word_1_256' title='bbox 307 3724 417 3792; x_wconf 72' lang='lat' dir='ltr'><strong>tun]</strong></span> <span class='ocrx_word' id='word_1_257' title='bbox 464 3741 564 3792; x_wconf 89' lang='lat' dir='ltr'><strong>per</strong></span> <span class='ocrx_word' id='word_1_258' title='bbox 601 3740 759 3790; x_wconf 82' lang='lat' dir='ltr'><strong>quam</strong></span> <span class='ocrx_word' id='word_1_259' title='bbox 797 3729 1057 3790; x_wconf 70' lang='lat' dir='ltr'><strong>patienter</strong></span> <span class='ocrx_word' id='word_1_260' title='bbox 1092 3727 1308 3778; x_wconf 78' lang='lat' dir='ltr'><strong>terimus</strong></span> <span class='ocrx_word' id='word_1_261' title='bbox 1365 3733 1468 3777; x_wconf 90' lang='lat' dir='ltr'><strong>tam</strong></span> <span class='ocrx_word' id='word_1_262' title='bbox 1516 3729 1596 3777; x_wconf 91' lang='lat' dir='ltr'><strong>in-</strong></span> 
     </span>
     <span class='ocr_line' id='line_1_36' title="bbox 307 3803 1592 3871; baseline -0.002 -14"><span class='ocrx_word' id='word_1_263' title='bbox 307 3808 447 3871; x_wconf 67' lang='lat' dir='ltr'><strong>digna</strong></span> <span class='ocrx_word' id='word_1_264' title='bbox 482 3808 658 3859; x_wconf 76' lang='lat' dir='ltr'><strong>fleri.»</strong></span> <span class='ocrx_word' id='word_1_265' title='bbox 701 3830 760 3844; x_wconf 91' lang='lat'>—</span> <span class='ocrx_word' id='word_1_266' title='bbox 799 3803 1073 3870; x_wconf 75' lang='lat' dir='ltr'><strong>ultionem]</strong></span> <span class='ocrx_word' id='word_1_267' title='bbox 1114 3805 1219 3857; x_wconf 75' lang='lat' dir='ltr'><strong>Cir.</strong></span> <span class='ocrx_word' id='word_1_268' title='bbox 1256 3807 1502 3858; x_wconf 84' lang='lat' dir='ltr'><strong>Lucanus</strong></span> <span class='ocrx_word' id='word_1_269' title='bbox 1536 3806 1592 3864; x_wconf 78' lang='grc'><strong>4,</strong></span> 
     </span>
     <span class='ocr_line' id='line_1_37' title="bbox 307 3884 1595 3952; baseline -0.002 -14"><span class='ocrx_word' id='word_1_270' title='bbox 307 3885 426 3938; x_wconf 78' lang='lat'><strong>80⁶1:</strong></span> <span class='ocrx_word' id='word_1_271' title='bbox 464 3888 622 3938; x_wconf 68' lang='lat' dir='ltr'><strong>Feli-c</strong></span> <span class='ocrx_word' id='word_1_272' title='bbox 654 3884 824 3936; x_wconf 77' lang='lat' dir='ltr'><strong>Roma</strong></span> <span class='ocrx_word' id='word_1_273' title='bbox 858 3887 1067 3948; x_wconf 73' lang='lat' dir='ltr'><strong>quidem</strong></span> <span class='ocrx_word' id='word_1_274' title='bbox 1096 3888 1329 3952; x_wconf 71' lang='lat' dir='ltr'><strong>civesque</strong></span> <span class='ocrx_word' id='word_1_275' title='bbox 1350 3886 1595 3936; x_wconf 68' lang='lat' dir='ltr'><strong>habim-a</strong></span> 
     </span>
     <span class='ocr_line' id='line_1_38' title="bbox 307 3965 1598 4029; baseline -0.003 -9"><span class='ocrx_word' id='word_1_276' title='bbox 307 3967 504 4029; x_wconf 67' lang='lat' dir='ltr'><strong>boues,</strong></span> <span class='ocrx_word' id='word_1_277' title='bbox 541 3965 604 4016; x_wconf 74' lang='lat' dir='ltr'><strong>St</strong></span> <span class='ocrx_word' id='word_1_278' title='bbox 639 3965 897 4016; x_wconf 70' lang='lat' dir='ltr'><strong>libertam</strong></span> <span class='ocrx_word' id='word_1_279' title='bbox 932 3969 1138 4029; x_wconf 72' lang='lat' dir='ltr'><strong>superis</strong></span> <span class='ocrx_word' id='word_1_280' title='bbox 1173 3970 1282 4017; x_wconf 77' lang='lat' dir='ltr'><strong>tam</strong></span> <span class='ocrx_word' id='word_1_281' title='bbox 1318 3980 1448 4017; x_wconf 81' lang='lat' dir='ltr'><strong>cura</strong></span> <span class='ocrx_word' id='word_1_282' title='bbox 1479 3966 1598 4028; x_wconf 77' lang='lat' dir='ltr'><strong>pla-</strong></span> 
     </span>
     <span class='ocr_line' id='line_1_39' title="bbox 309 4045 1594 4110; baseline -0.001 -14"><span class='ocrx_word' id='word_1_283' title='bbox 309 4055 468 4101; x_wconf 71' lang='lat' dir='ltr'><strong>cerei.</strong></span> <span class='ocrx_word' id='word_1_284' title='bbox 512 4046 690 4110; x_wconf 76' lang='lat' dir='ltr'><strong>Quam</strong></span> <span class='ocrx_word' id='word_1_285' title='bbox 723 4045 955 4095; x_wconf 75' lang='lat' dir='ltr'><strong>uindicta</strong></span> <span class='ocrx_word' id='word_1_286' title='bbox 987 4045 1178 4110; x_wconf 75' lang='lat' dir='ltr'><strong>piacet.</strong></span> <span class='ocrx_word' id='word_1_287' title='bbox 1219 4046 1371 4098; x_wconf 80' lang='lat' dir='ltr'><strong>Ltrs.</strong></span> <span class='ocrx_word' id='word_1_288' title='bbox 1422 4045 1594 4097; x_wconf 83' lang='lat' dir='ltr'><strong>Nolim</strong></span> 
     </span>
     <span class='ocr_line' id='line_1_40' title="bbox 309 4124 1591 4188; baseline -0.002 -11"><span class='ocrx_word' id='word_1_289' title='bbox 309 4135 469 4179; x_wconf 84' lang='lat' dir='ltr'><strong>tamen</strong></span> <span class='ocrx_word' id='word_1_290' title='bbox 508 4139 635 4178; x_wconf 85' lang='lat' dir='ltr'><strong>cum</strong></span> <span class='ocrx_word' id='word_1_291' title='bbox 687 4125 870 4188; x_wconf 85' lang='lat' dir='ltr'><strong>Lipsio</strong></span> <span class='ocrx_word' id='word_1_292' title='bbox 919 4125 1134 4178; x_wconf 84' lang='lat' dir='ltr'><strong>eredere</strong></span> <span class='ocrx_word' id='word_1_293' title='bbox 1183 4126 1424 4177; x_wconf 85' lang='lat' dir='ltr'><strong>Tacitum</strong></span> <span class='ocrx_word' id='word_1_294' title='bbox 1462 4126 1515 4175; x_wconf 85' lang='lat' dir='ltr'><strong>b.</strong></span> <span class='ocrx_word' id='word_1_295' title='bbox 1556 4124 1591 4175; x_wconf 93' lang='grc' dir='ltr'><strong>Ι.</strong></span> 
     </span>
     <span class='ocr_line' id='line_1_41' title="bbox 310 4205 1595 4270; baseline -0.002 -12"><span class='ocrx_word' id='word_1_296' title='bbox 310 4209 614 4260; x_wconf 75' lang='lat' dir='ltr'><strong>imitatorem</strong></span> <span class='ocrx_word' id='word_1_297' title='bbox 653 4209 821 4270; x_wconf 67' lang='lat' dir='ltr'><strong>egisse</strong></span> <span class='ocrx_word' id='word_1_298' title='bbox 857 4206 1078 4257; x_wconf 89' lang='lat' dir='ltr'><strong>Lucani.</strong></span> <span class='ocrx_word' id='word_1_299' title='bbox 1151 4205 1394 4259; x_wconf 87' lang='lat' dir='ltr'><strong>Ceterum</strong></span> <span class='ocrx_word' id='word_1_300' title='bbox 1432 4220 1480 4259; x_wconf 80' lang='lat' dir='ltr'><strong>v.</strong></span> <span class='ocrx_word' id='word_1_301' title='bbox 1518 4217 1595 4256; x_wconf 89' lang='lat' dir='ltr'><strong>se-</strong></span> 
     </span>
     <span class='ocr_line' id='line_1_42' title="bbox 310 4286 1592 4340; baseline -0.002 -3"><span class='ocrx_word' id='word_1_302' title='bbox 310 4290 499 4338; x_wconf 72' lang='lat' dir='ltr'><strong>curitas</strong></span> <span class='ocrx_word' id='word_1_303' title='bbox 537 4286 769 4338; x_wconf 75' lang='lat' dir='ltr'><strong>retertur</strong></span> <span class='ocrx_word' id='word_1_304' title='bbox 801 4286 867 4338; x_wconf 91' lang='lat' dir='ltr'><strong>ad</strong></span> <span class='ocrx_word' id='word_1_305' title='bbox 906 4288 1140 4337; x_wconf 87' lang='lat' dir='ltr'><strong>omnium</strong></span> <span class='ocrx_word' id='word_1_306' title='bbox 1191 4290 1385 4340; x_wconf 77' lang='lat' dir='ltr'><strong>civium</strong></span> <span class='ocrx_word' id='word_1_307' title='bbox 1434 4288 1592 4340; x_wconf 76' lang='lat' dir='ltr'><strong>vitam</strong></span> 
     </span>
     <span class='ocr_line' id='line_1_43' title="bbox 311 4365 1592 4432; baseline 0 -15"><span class='ocrx_word' id='word_1_308' title='bbox 311 4365 766 4430; x_wconf 76' lang='lat' dir='ltr'><strong>imperturbatam.</strong></span> <span class='ocrx_word' id='word_1_309' title='bbox 814 4365 946 4416; x_wconf 75' lang='lat' dir='ltr'><strong>ultio</strong></span> <span class='ocrx_word' id='word_1_310' title='bbox 985 4378 1103 4418; x_wconf 88' lang='lat' dir='ltr'><strong>cnm</strong></span> <span class='ocrx_word' id='word_1_311' title='bbox 1152 4367 1216 4418; x_wconf 89' lang='lat' dir='ltr'><strong>ad</strong></span> <span class='ocrx_word' id='word_1_312' title='bbox 1253 4367 1592 4432; x_wconf 78' lang='lat' dir='ltr'><strong>singulorum,</strong></span> 
     </span>
     <span class='ocr_line' id='line_1_44' title="bbox 312 4446 1595 4512; baseline 0.002 -15"><span class='ocrx_word' id='word_1_313' title='bbox 312 4454 362 4498; x_wconf 87' lang='lat' dir='ltr'><strong>nt</strong></span> <span class='ocrx_word' id='word_1_314' title='bbox 398 4447 687 4512; x_wconf 70' lang='lat' dir='ltr'><strong>Caligulae,</strong></span> <span class='ocrx_word' id='word_1_315' title='bbox 724 4446 968 4507; x_wconf 83' lang='lat' dir='ltr'><strong>Neronis,</strong></span> <span class='ocrx_word' id='word_1_316' title='bbox 1006 4447 1292 4499; x_wconf 87' lang='lat' dir='ltr'><strong>Domitiani</strong></span> <span class='ocrx_word' id='word_1_317' title='bbox 1319 4485 1334 4508; x_wconf 85' lang='lat'><strong>.</strong></span> <span class='ocrx_word' id='word_1_318' title='bbox 1376 4451 1595 4499; x_wconf 88' lang='lat' dir='ltr'><strong>iustissi-</strong></span> 
     </span>
     <span class='ocr_line' id='line_1_45' title="bbox 311 4527 1593 4591; baseline 0.002 -14"><span class='ocrx_word' id='word_1_319' title='bbox 311 4540 407 4579; x_wconf 80' lang='lat' dir='ltr'><strong>mas</strong></span> <span class='ocrx_word' id='word_1_320' title='bbox 441 4540 663 4591; x_wconf 83' lang='lat' dir='ltr'><strong>poenas.</strong></span> <span class='ocrx_word' id='word_1_321' title='bbox 700 4532 813 4577; x_wconf 90' lang='lat' dir='ltr'><strong>tum</strong></span> <span class='ocrx_word' id='word_1_322' title='bbox 851 4539 973 4580; x_wconf 81' lang='lat' dir='ltr'><strong>vero</strong></span> <span class='ocrx_word' id='word_1_323' title='bbox 999 4528 1064 4577; x_wconf 84' lang='lat' dir='ltr'><strong>ad</strong></span> <span class='ocrx_word' id='word_1_324' title='bbox 1095 4527 1412 4579; x_wconf 85' lang='lat' dir='ltr'><strong>calamitates</strong></span> <span class='ocrx_word' id='word_1_325' title='bbox 1436 4541 1593 4591; x_wconf 85' lang='lat' dir='ltr'><strong>snpra</strong></span> 
     </span>
     <span class='ocr_line' id='line_1_46' title="bbox 311 4606 1592 4671; baseline 0 -13"><span class='ocrx_word' id='word_1_326' title='bbox 311 4611 651 4671; x_wconf 67' lang='lat' dir='ltr'><strong>significatas.</strong></span> <span class='ocrx_word' id='word_1_327' title='bbox 718 4606 914 4670; x_wconf 74' lang='lat' dir='ltr'><strong>quibua</strong></span> <span class='ocrx_word' id='word_1_328' title='bbox 978 4619 1172 4669; x_wconf 84' lang='lat' dir='ltr'><strong>poenes</strong></span> <span class='ocrx_word' id='word_1_329' title='bbox 1229 4613 1308 4658; x_wconf 87' lang='lat' dir='ltr'><strong>tot</strong></span> <span class='ocrx_word' id='word_1_330' title='bbox 1339 4608 1592 4658; x_wconf 87' lang='lat' dir='ltr'><strong>scelernm</strong></span> 
     </span>
     <span class='ocr_line' id='line_1_47' title="bbox 311 4687 1592 4748; baseline -0.002 -10"><span class='ocrx_word' id='word_1_331' title='bbox 311 4689 441 4739; x_wconf 81' lang='lat' dir='ltr'><strong>velut</strong></span> <span class='ocrx_word' id='word_1_332' title='bbox 474 4690 783 4741; x_wconf 80' lang='lat' dir='ltr'><strong>universum</strong></span> <span class='ocrx_word' id='word_1_333' title='bbox 822 4687 1075 4748; x_wconf 85' lang='lat' dir='ltr'><strong>populum</strong></span> <span class='ocrx_word' id='word_1_334' title='bbox 1108 4687 1406 4738; x_wconf 81' lang='lat' dir='ltr'><strong>Romanum</strong></span> <span class='ocrx_word' id='word_1_335' title='bbox 1432 4687 1592 4738; x_wconf 88' lang='lat' dir='ltr'><strong>inisse</strong></span> 
     </span>
     <span class='ocr_line' id='line_1_48' title="bbox 314 4766 1595 4829; baseline -0.002 -11"><span class='ocrx_word' id='word_1_336' title='bbox 314 4768 448 4818; x_wconf 70' lang='lat' dir='ltr'><strong>dicit.</strong></span> <span class='ocrx_word' id='word_1_337' title='bbox 491 4768 612 4820; x_wconf 83' lang='lat' dir='ltr'><strong>Noii</strong></span> <span class='ocrx_word' id='word_1_338' title='bbox 648 4773 826 4819; x_wconf 90' lang='lat' dir='ltr'><strong>autem</strong></span> <span class='ocrx_word' id='word_1_339' title='bbox 861 4766 1095 4817; x_wconf 78' lang='lat' dir='ltr'><strong>oblivisci</strong></span> <span class='ocrx_word' id='word_1_340' title='bbox 1134 4779 1227 4829; x_wconf 94' lang='lat' dir='ltr'><strong>per</strong></span> <span class='ocrx_word' id='word_1_341' title='bbox 1263 4772 1423 4818; x_wconf 89' lang='lat' dir='ltr'><strong>totam</strong></span> <span class='ocrx_word' id='word_1_342' title='bbox 1462 4768 1595 4818; x_wconf 86' lang='lat' dir='ltr'><strong>hanc</strong></span> 
     </span>
     <span class='ocr_line' id='line_1_49' title="bbox 315 4846 1595 4899; baseline 0 -2"><span class='ocrx_word' id='word_1_343' title='bbox 315 4847 650 4899; x_wconf 66' lang='lat' dir='ltr'><strong>Historiarum</strong></span> <span class='ocrx_word' id='word_1_344' title='bbox 706 4858 881 4899; x_wconf 91' lang='lat' dir='ltr'><strong>curam</strong></span> <span class='ocrx_word' id='word_1_345' title='bbox 937 4846 1183 4898; x_wconf 86' lang='lat' dir='ltr'><strong>libentius</strong></span> <span class='ocrx_word' id='word_1_346' title='bbox 1233 4846 1388 4898; x_wconf 84' lang='lat' dir='ltr'><strong>etiam</strong></span> <span class='ocrx_word' id='word_1_347' title='bbox 1444 4847 1595 4897; x_wconf 84' lang='lat' dir='ltr'><strong>Taci-</strong></span> 
     </span>
     <span class='ocr_line' id='line_1_50' title="bbox 313 4927 1596 4988; baseline -0.001 -11"><span class='ocrx_word' id='word_1_348' title='bbox 313 4933 416 4978; x_wconf 74' lang='lat' dir='ltr'><strong>tn·</strong></span> <span class='ocrx_word' id='word_1_349' title='bbox 449 4929 721 4980; x_wconf 73' lang='lat' dir='ltr'><strong>rhetoricis</strong></span> <span class='ocrx_word' id='word_1_350' title='bbox 759 4927 1021 4978; x_wconf 88' lang='lat' dir='ltr'><strong>coloribus</strong></span> <span class='ocrx_word' id='word_1_351' title='bbox 1059 4928 1138 4976; x_wconf 88' lang='lat' dir='ltr'><strong>uti</strong></span> <span class='ocrx_word' id='word_1_352' title='bbox 1185 4939 1342 4988; x_wconf 85' lang='lat' dir='ltr'><strong>quam</strong></span> <span class='ocrx_word' id='word_1_353' title='bbox 1391 4930 1445 4977; x_wconf 90' lang='lat' dir='ltr'><strong>in</strong></span> <span class='ocrx_word' id='word_1_354' title='bbox 1489 4928 1596 4976; x_wconf 78' lang='lat' dir='ltr'><strong>An·</strong></span> 
     </span>
     <span class='ocr_line' id='line_1_51' title="bbox 316 5007 1591 5072; baseline -0.002 -14"><span class='ocrx_word' id='word_1_355' title='bbox 316 5007 508 5059; x_wconf 81' lang='lat' dir='ltr'><strong>natibus</strong></span> <span class='ocrx_word' id='word_1_356' title='bbox 546 5011 871 5072; x_wconf 76' lang='lat' dir='ltr'><strong>provectiore</strong></span> <span class='ocrx_word' id='word_1_357' title='bbox 909 5009 1010 5058; x_wconf 85' lang='lat' dir='ltr'><strong>iam</strong></span> <span class='ocrx_word' id='word_1_358' title='bbox 1051 5012 1220 5058; x_wconf 87' lang='lat' dir='ltr'><strong>aetate</strong></span> <span class='ocrx_word' id='word_1_359' title='bbox 1269 5007 1591 5067; x_wconf 89' lang='lat' dir='ltr'><strong>compositis.</strong></span> 
     </span>
    </p>

    <p class='ocr_par' dir='ltr' id='par_1_7' title="bbox 320 5082 1597 5230">
     <span class='ocr_line' id='line_1_52' title="bbox 376 5082 1597 5151; baseline 0 -14"><span class='ocrx_word' id='word_1_360' title='bbox 376 5086 429 5137; x_wconf 70' lang='grc'><strong>4.</strong></span> <span class='ocrx_word' id='word_1_361' title='bbox 493 5089 794 5151; x_wconf 69' lang='lat' dir='ltr'><strong>plerumque</strong></span> <span class='ocrx_word' id='word_1_362' title='bbox 827 5082 1062 5150; x_wconf 74' lang='lat' dir='ltr'><strong>fortuiti]</strong></span> <span class='ocrx_word' id='word_1_363' title='bbox 1098 5084 1333 5148; x_wconf 76' lang='lat' dir='ltr'><strong>Lipsium</strong></span> <span class='ocrx_word' id='word_1_364' title='bbox 1371 5086 1597 5148; x_wconf 85' lang='lat' dir='ltr'><strong>pbiloso-</strong></span> 
     </span>
     <span class='ocr_line' id='line_1_53' title="bbox 320 5166 1597 5230; baseline 0 -12"><span class='ocrx_word' id='word_1_365' title='bbox 320 5167 436 5230; x_wconf 83' lang='lat' dir='ltr'><strong>pbia</strong></span> <span class='ocrx_word' id='word_1_366' title='bbox 469 5167 949 5228; x_wconf 76' lang='lat' dir='ltr'><strong>Stoicocbristiana,</strong></span> <span class='ocrx_word' id='word_1_367' title='bbox 989 5178 1147 5230; x_wconf 81' lang='lat' dir='ltr'><strong>qnam</strong></span> <span class='ocrx_word' id='word_1_368' title='bbox 1172 5166 1490 5228; x_wconf 71' lang='lat' dir='ltr'><strong>sectabatur,</strong></span> <span class='ocrx_word' id='word_1_369' title='bbox 1532 5179 1597 5218; x_wconf 89' lang='lat' dir='ltr'><strong>eo</strong></span> 
     </span>
    </p>
   </div>
   <div class='ocr_carea' id='block_1_7' title="bbox 1663 2285 2970 5228">
    <p class='ocr_par' dir='ltr' id='par_1_8' title="bbox 1663 2285 2970 5228">
     <span class='ocr_line' id='line_1_54' title="bbox 1665 2285 2955 2352; baseline 0 -14"><span class='ocrx_word' id='word_1_370' title='bbox 1665 2285 1924 2350; x_wconf 84' lang='lat' dir='ltr'><strong>abripuit.</strong></span> <span class='ocrx_word' id='word_1_371' title='bbox 1977 2292 2037 2337; x_wconf 91' lang='lat' dir='ltr'><strong>ut</strong></span> <span class='ocrx_word' id='word_1_372' title='bbox 2094 2291 2416 2349; x_wconf 87' lang='lat' dir='ltr'><strong>proponeret</strong></span> <span class='ocrx_word' id='word_1_373' title='bbox 2457 2286 2763 2352; x_wconf 75' lang='lat' dir='ltr'><strong>pierumque</strong></span> <span class='ocrx_word' id='word_1_374' title='bbox 2805 2287 2955 2338; x_wconf 73' lang='lat' dir='ltr'><strong>haud</strong></span> 
     </span>
     <span class='ocr_line' id='line_1_55' title="bbox 1663 2367 2958 2431; baseline 0.004 -16"><span class='ocrx_word' id='word_1_375' title='bbox 1663 2367 1896 2431; x_wconf 67' lang='lat' dir='ltr'><strong>fortuiti.</strong></span> <span class='ocrx_word' id='word_1_376' title='bbox 1986 2367 2147 2420; x_wconf 77' lang='lat' dir='ltr'><strong>Recte</strong></span> <span class='ocrx_word' id='word_1_377' title='bbox 2203 2367 2497 2420; x_wconf 73' lang='lat' dir='ltr'><strong>refutarunt</strong></span> <span class='ocrx_word' id='word_1_378' title='bbox 2546 2369 2755 2419; x_wconf 88' lang='lat' dir='ltr'><strong>inanem</strong></span> <span class='ocrx_word' id='word_1_379' title='bbox 2821 2367 2958 2420; x_wconf 89' lang='lat' dir='ltr'><strong>banc</strong></span> 
     </span>
     <span class='ocr_line' id='line_1_56' title="bbox 1664 2446 2955 2500; baseline 0.003 -4"><span class='ocrx_word' id='word_1_380' title='bbox 1664 2449 1975 2499; x_wconf 89' lang='lat' dir='ltr'><strong>sententiam</strong></span> <span class='ocrx_word' id='word_1_381' title='bbox 2008 2446 2240 2499; x_wconf 85' lang='lat' dir='ltr'><strong>Picbena</strong></span> <span class='ocrx_word' id='word_1_382' title='bbox 2280 2454 2333 2499; x_wconf 91' lang='lat' dir='ltr'><strong>et</strong></span> <span class='ocrx_word' id='word_1_383' title='bbox 2367 2447 2628 2499; x_wconf 82' lang='lat' dir='ltr'><strong>Waitber.</strong></span> <span class='ocrx_word' id='word_1_384' title='bbox 2698 2447 2955 2500; x_wconf 81' lang='lat' dir='ltr'><strong>Nimirum</strong></span> 
     </span>
     <span class='ocr_line' id='line_1_57' title="bbox 1666 2526 2958 2592; baseline 0.002 -15"><span class='ocrx_word' id='word_1_385' title='bbox 1666 2527 1765 2577; x_wconf 89' lang='lat' dir='ltr'><strong>boc</strong></span> <span class='ocrx_word' id='word_1_386' title='bbox 1801 2526 1960 2577; x_wconf 87' lang='lat' dir='ltr'><strong>dicit:</strong></span> <span class='ocrx_word' id='word_1_387' title='bbox 2013 2526 2263 2591; x_wconf 73' lang='lat' dir='ltr'><strong>«Singuli</strong></span> <span class='ocrx_word' id='word_1_388' title='bbox 2301 2527 2519 2592; x_wconf 82' lang='lat' dir='ltr'><strong>quidem</strong></span> <span class='ocrx_word' id='word_1_389' title='bbox 2559 2539 2709 2579; x_wconf 89' lang='lat' dir='ltr'><strong>casus</strong></span> <span class='ocrx_word' id='word_1_390' title='bbox 2733 2561 2750 2588; x_wconf 84' lang='lat'>,</span> <span class='ocrx_word' id='word_1_391' title='bbox 2787 2533 2850 2579; x_wconf 88' lang='lat' dir='ltr'><strong>ut</strong></span> <span class='ocrx_word' id='word_1_392' title='bbox 2883 2531 2958 2581; x_wconf 77' lang='lat' dir='ltr'><strong>vi-</strong></span> 
     </span>
     <span class='ocr_line' id='line_1_58' title="bbox 1666 2605 2960 2670; baseline 0 -13"><span class='ocrx_word' id='word_1_393' title='bbox 1666 2608 1884 2667; x_wconf 83' lang='lat' dir='ltr'><strong>ctoriae,</strong></span> <span class='ocrx_word' id='word_1_394' title='bbox 1909 2605 2106 2667; x_wconf 87' lang='lat' dir='ltr'><strong>clades,</strong></span> <span class='ocrx_word' id='word_1_395' title='bbox 2131 2615 2345 2668; x_wconf 86' lang='lat' dir='ltr'><strong>mortes,</strong></span> <span class='ocrx_word' id='word_1_396' title='bbox 2374 2609 2732 2659; x_wconf 77' lang='lat' dir='ltr'><strong>successiones</strong></span> <span class='ocrx_word' id='word_1_397' title='bbox 2763 2608 2960 2670; x_wconf 88' lang='lat' dir='ltr'><strong>prinei-</strong></span> 
     </span>
     <span class='ocr_line' id='line_1_59' title="bbox 1666 2687 2959 2752; baseline 0.002 -15"><span class='ocrx_word' id='word_1_398' title='bbox 1666 2699 1790 2750; x_wconf 90' lang='lat' dir='ltr'><strong>pum</strong></span> <span class='ocrx_word' id='word_1_399' title='bbox 1813 2721 1831 2745; x_wconf 82' lang='grc'><strong>.</strong></span> <span class='ocrx_word' id='word_1_400' title='bbox 1888 2687 2198 2751; x_wconf 81' lang='lat' dir='ltr'><strong>pierumque</strong></span> <span class='ocrx_word' id='word_1_401' title='bbox 2250 2689 2448 2740; x_wconf 74' lang='lat' dir='ltr'><strong>fortuiti</strong></span> <span class='ocrx_word' id='word_1_402' title='bbox 2483 2693 2608 2738; x_wconf 90' lang='lat' dir='ltr'><strong>sunt</strong></span> <span class='ocrx_word' id='word_1_403' title='bbox 2643 2700 2820 2752; x_wconf 80' lang='lat' dir='ltr'><strong>neque</strong></span> <span class='ocrx_word' id='word_1_404' title='bbox 2852 2688 2959 2740; x_wconf 82' lang='lat' dir='ltr'><strong>ulia</strong></span> 
     </span>
     <span class='ocr_line' id='line_1_60' title="bbox 1666 2769 2957 2831; baseline 0.001 -12"><span class='ocrx_word' id='word_1_405' title='bbox 1666 2779 1848 2819; x_wconf 88' lang='lat' dir='ltr'><strong>eorum</strong></span> <span class='ocrx_word' id='word_1_406' title='bbox 1886 2773 2025 2818; x_wconf 88' lang='lat' dir='ltr'><strong>certa</strong></span> <span class='ocrx_word' id='word_1_407' title='bbox 2065 2780 2219 2819; x_wconf 85' lang='lat' dir='ltr'><strong>causa</strong></span> <span class='ocrx_word' id='word_1_408' title='bbox 2257 2769 2430 2820; x_wconf 74' lang='lat' dir='ltr'><strong>afferri</strong></span> <span class='ocrx_word' id='word_1_409' title='bbox 2470 2773 2680 2831; x_wconf 70' lang='lat' dir='ltr'><strong>potesta</strong></span> <span class='ocrx_word' id='word_1_410' title='bbox 2730 2773 2787 2818; x_wconf 86' lang='lat' dir='ltr'><strong>at</strong></span> <span class='ocrx_word' id='word_1_411' title='bbox 2833 2781 2957 2821; x_wconf 82' lang='lat' dir='ltr'><strong>vero</strong></span> 
     </span>
     <span class='ocr_line' id='line_1_61' title="bbox 1665 2849 2959 2912; baseline 0.003 -16"><span class='ocrx_word' id='word_1_412' title='bbox 1665 2853 1802 2898; x_wconf 86' lang='lat' dir='ltr'><strong>totus</strong></span> <span class='ocrx_word' id='word_1_413' title='bbox 1861 2859 2035 2898; x_wconf 90' lang='lat' dir='ltr'><strong>rerum</strong></span> <span class='ocrx_word' id='word_1_414' title='bbox 2091 2860 2395 2912; x_wconf 74' lang='lat' dir='ltr'><strong>progressus</strong></span> <span class='ocrx_word' id='word_1_415' title='bbox 2454 2853 2615 2911; x_wconf 81' lang='lat' dir='ltr'><strong>atque</strong></span> <span class='ocrx_word' id='word_1_416' title='bbox 2680 2849 2959 2900; x_wconf 79' lang='lat' dir='ltr'><strong>universus</strong></span> 
     </span>
     <span class='ocr_line' id='line_1_62' title="bbox 1664 2928 2960 2990; baseline 0.002 -12"><span class='ocrx_word' id='word_1_417' title='bbox 1664 2928 2083 2979; x_wconf 83' lang='lat' dir='ltr'><strong>vicissitudinum</strong></span> <span class='ocrx_word' id='word_1_418' title='bbox 2124 2930 2330 2990; x_wconf 84' lang='lat' dir='ltr'><strong>imperii</strong></span> <span class='ocrx_word' id='word_1_419' title='bbox 2368 2934 2520 2980; x_wconf 88' lang='lat' dir='ltr'><strong>tenor</strong></span> <span class='ocrx_word' id='word_1_420' title='bbox 2555 2928 2622 2979; x_wconf 90' lang='lat' dir='ltr'><strong>ad</strong></span> <span class='ocrx_word' id='word_1_421' title='bbox 2657 2932 2853 2979; x_wconf 88' lang='lat' dir='ltr'><strong>certam</strong></span> <span class='ocrx_word' id='word_1_422' title='bbox 2879 2942 2960 2981; x_wconf 90' lang='lat' dir='ltr'><strong>ra·</strong></span> 
     </span>
     <span class='ocr_line' id='line_1_63' title="bbox 1666 3008 2959 3073; baseline 0.001 -14"><span class='ocrx_word' id='word_1_423' title='bbox 1666 3011 1862 3059; x_wconf 88' lang='lat' dir='ltr'><strong>tionem</strong></span> <span class='ocrx_word' id='word_1_424' title='bbox 1901 3020 2190 3072; x_wconf 78' lang='lat' dir='ltr'><strong>censesque</strong></span> <span class='ocrx_word' id='word_1_425' title='bbox 2227 3011 2459 3061; x_wconf 73' lang='lat' dir='ltr'><strong>revecari</strong></span> <span class='ocrx_word' id='word_1_426' title='bbox 2485 3014 2692 3071; x_wconf 86' lang='lat' dir='ltr'><strong>potest,</strong></span> <span class='ocrx_word' id='word_1_427' title='bbox 2731 3008 2784 3058; x_wconf 91' lang='lat' dir='ltr'><strong>id</strong></span> <span class='ocrx_word' id='word_1_428' title='bbox 2812 3009 2959 3073; x_wconf 88' lang='lat' dir='ltr'><strong>quod</strong></span> 
     </span>
     <span class='ocr_line' id='line_1_64' title="bbox 1665 3089 2961 3141; baseline -0.002 -3"><span class='ocrx_word' id='word_1_429' title='bbox 1665 3090 1775 3140; x_wconf 83' lang='lat' dir='ltr'><strong>veri</strong></span> <span class='ocrx_word' id='word_1_430' title='bbox 1830 3089 2062 3138; x_wconf 84' lang='lat' dir='ltr'><strong>historici</strong></span> <span class='ocrx_word' id='word_1_431' title='bbox 2116 3100 2376 3139; x_wconf 86' lang='lat' dir='ltr'><strong>summum</strong></span> <span class='ocrx_word' id='word_1_432' title='bbox 2428 3094 2506 3141; x_wconf 90' lang='lat' dir='ltr'><strong>est</strong></span> <span class='ocrx_word' id='word_1_433' title='bbox 2554 3089 2853 3141; x_wconf 75' lang='lat' dir='ltr'><strong>cilicium.»</strong></span> <span class='ocrx_word' id='word_1_434' title='bbox 2890 3114 2961 3126; x_wconf 92' lang='lat'><strong>—</strong></span> 
     </span>
     <span class='ocr_line' id='line_1_65' title="bbox 1666 3167 2960 3233; baseline 0.002 -15"><span class='ocrx_word' id='word_1_435' title='bbox 1666 3167 1907 3233; x_wconf 71' lang='lat' dir='ltr'><strong>euoiqnto</strong></span> <span class='ocrx_word' id='word_1_436' title='bbox 1940 3168 2147 3230; x_wconf 71' lang='lat' dir='ltr'><strong>imperii</strong></span> <span class='ocrx_word' id='word_1_437' title='bbox 2181 3168 2404 3229; x_wconf 75' lang='lat' dir='ltr'><strong>arcano]</strong></span> <span class='ocrx_word' id='word_1_438' title='bbox 2453 3168 2661 3220; x_wconf 82' lang='lat' dir='ltr'><strong>Etenim</strong></span> <span class='ocrx_word' id='word_1_439' title='bbox 2717 3169 2841 3220; x_wconf 75' lang='lat' dir='ltr'><strong>inde</strong></span> <span class='ocrx_word' id='word_1_440' title='bbox 2893 3168 2960 3220; x_wconf 89' lang='lat' dir='ltr'><strong>ab</strong></span> 
     </span>
     <span class='ocr_line' id='line_1_66' title="bbox 1667 3248 2965 3311; baseline 0.002 -13"><span class='ocrx_word' id='word_1_441' title='bbox 1667 3248 1887 3311; x_wconf 74' lang='lat' dir='ltr'><strong>Augusti</strong></span> <span class='ocrx_word' id='word_1_442' title='bbox 1926 3248 2250 3309; x_wconf 88' lang='lat' dir='ltr'><strong>temporibus</strong></span> <span class='ocrx_word' id='word_1_443' title='bbox 2299 3260 2393 3310; x_wconf 90' lang='lat' dir='ltr'><strong>pro</strong></span> <span class='ocrx_word' id='word_1_444' title='bbox 2443 3255 2587 3301; x_wconf 89' lang='lat' dir='ltr'><strong>certo</strong></span> <span class='ocrx_word' id='word_1_445' title='bbox 2630 3249 2965 3301; x_wconf 88' lang='lat' dir='ltr'><strong>crediderant</strong></span> 
     </span>
     <span class='ocr_line' id='line_1_67' title="bbox 1669 3328 2966 3391; baseline 0.002 -14"><span class='ocrx_word' id='word_1_446' title='bbox 1669 3329 1906 3378; x_wconf 83' lang='lat' dir='ltr'><strong>homines</strong></span> <span class='ocrx_word' id='word_1_447' title='bbox 1945 3339 2205 3390; x_wconf 73' lang='lat' dir='ltr'><strong>nusquam</strong></span> <span class='ocrx_word' id='word_1_448' title='bbox 2242 3328 2365 3379; x_wconf 89' lang='lat' dir='ltr'><strong>aiibi</strong></span> <span class='ocrx_word' id='word_1_449' title='bbox 2413 3341 2569 3391; x_wconf 79' lang='lat' dir='ltr'><strong>quam</strong></span> <span class='ocrx_word' id='word_1_450' title='bbox 2614 3328 2849 3389; x_wconf 76' lang='lat' dir='ltr'><strong>Romae,</strong></span> <span class='ocrx_word' id='word_1_451' title='bbox 2910 3335 2966 3382; x_wconf 86' lang='lat' dir='ltr'><strong>et</strong></span> 
     </span>
     <span class='ocr_line' id='line_1_68' title="bbox 1671 3407 2965 3469; baseline 0 -12"><span class='ocrx_word' id='word_1_452' title='bbox 1671 3408 1897 3469; x_wconf 88' lang='lat' dir='ltr'><strong>primum</strong></span> <span class='ocrx_word' id='word_1_453' title='bbox 1935 3407 2151 3469; x_wconf 81' lang='lat' dir='ltr'><strong>quidem</strong></span> <span class='ocrx_word' id='word_1_454' title='bbox 2189 3411 2369 3468; x_wconf 90' lang='lat' dir='ltr'><strong>specie</strong></span> <span class='ocrx_word' id='word_1_455' title='bbox 2393 3415 2627 3468; x_wconf 85' lang='lat' dir='ltr'><strong>senatus,</strong></span> <span class='ocrx_word' id='word_1_456' title='bbox 2663 3407 2877 3469; x_wconf 87' lang='lat' dir='ltr'><strong>deinde,</strong></span> <span class='ocrx_word' id='word_1_457' title='bbox 2904 3413 2965 3458; x_wconf 91' lang='lat' dir='ltr'><strong>ut</strong></span> 
     </span>
     <span class='ocr_line' id='line_1_69' title="bbox 1669 3487 2963 3546; baseline 0 -8"><span class='ocrx_word' id='word_1_458' title='bbox 1669 3488 1864 3538; x_wconf 77' lang='lat' dir='ltr'><strong>iactum</strong></span> <span class='ocrx_word' id='word_1_459' title='bbox 1902 3492 2015 3536; x_wconf 84' lang='lat' dir='ltr'><strong>erat</strong></span> <span class='ocrx_word' id='word_1_460' title='bbox 2050 3490 2104 3537; x_wconf 91' lang='lat' dir='ltr'><strong>in</strong></span> <span class='ocrx_word' id='word_1_461' title='bbox 2144 3487 2366 3538; x_wconf 84' lang='lat' dir='ltr'><strong>Claudio</strong></span> <span class='ocrx_word' id='word_1_462' title='bbox 2405 3494 2457 3539; x_wconf 91' lang='lat' dir='ltr'><strong>et</strong></span> <span class='ocrx_word' id='word_1_463' title='bbox 2489 3488 2737 3546; x_wconf 83' lang='lat' dir='ltr'><strong>Nerone,</strong></span> <span class='ocrx_word' id='word_1_464' title='bbox 2777 3488 2963 3540; x_wconf 88' lang='lat' dir='ltr'><strong>saitem</strong></span> 
     </span>
     <span class='ocr_line' id='line_1_70' title="bbox 1670 3565 2966 3629; baseline 0 -12"><span class='ocrx_word' id='word_1_465' title='bbox 1670 3579 1763 3628; x_wconf 89' lang='lat' dir='ltr'><strong>per</strong></span> <span class='ocrx_word' id='word_1_466' title='bbox 1798 3565 2057 3616; x_wconf 88' lang='lat' dir='ltr'><strong>urbanum</strong></span> <span class='ocrx_word' id='word_1_467' title='bbox 2096 3567 2346 3628; x_wconf 85' lang='lat' dir='ltr'><strong>militem,</strong></span> <span class='ocrx_word' id='word_1_468' title='bbox 2387 3567 2440 3617; x_wconf 79' lang='lat' dir='ltr'><strong>id</strong></span> <span class='ocrx_word' id='word_1_469' title='bbox 2479 3574 2589 3627; x_wconf 86' lang='lat' dir='ltr'><strong>est,</strong></span> <span class='ocrx_word' id='word_1_470' title='bbox 2631 3580 2724 3628; x_wconf 88' lang='lat' dir='ltr'><strong>per</strong></span> <span class='ocrx_word' id='word_1_471' title='bbox 2761 3574 2966 3629; x_wconf 86' lang='lat' dir='ltr'><strong>praeto·</strong></span> 
     </span>
     <span class='ocr_line' id='line_1_71' title="bbox 1668 3647 2960 3709; baseline 0 -12"><span class='ocrx_word' id='word_1_472' title='bbox 1668 3650 1860 3705; x_wconf 83' lang='lat' dir='ltr'><strong>rianos.</strong></span> <span class='ocrx_word' id='word_1_473' title='bbox 1890 3649 2190 3708; x_wconf 81' lang='lat' dir='ltr'><strong>quempiam</strong></span> <span class='ocrx_word' id='word_1_474' title='bbox 2215 3648 2281 3697; x_wconf 86' lang='lat' dir='ltr'><strong>ad</strong></span> <span class='ocrx_word' id='word_1_475' title='bbox 2302 3649 2580 3707; x_wconf 88' lang='lat' dir='ltr'><strong>imperium</strong></span> <span class='ocrx_word' id='word_1_476' title='bbox 2602 3647 2751 3697; x_wconf 76' lang='lat' dir='ltr'><strong>evehi</strong></span> <span class='ocrx_word' id='word_1_477' title='bbox 2776 3659 2960 3709; x_wconf 79' lang='lat' dir='ltr'><strong>posse:</strong></span> 
     </span>
     <span class='ocr_line' id='line_1_72' title="bbox 1669 3725 2964 3789; baseline -0.001 -11"><span class='ocrx_word' id='word_1_478' title='bbox 1669 3731 1768 3778; x_wconf 92' lang='lat' dir='ltr'><strong>iam</strong></span> <span class='ocrx_word' id='word_1_479' title='bbox 1809 3738 1932 3776; x_wconf 77' lang='lat' dir='ltr'><strong>vero</strong></span> <span class='ocrx_word' id='word_1_480' title='bbox 1972 3725 2133 3777; x_wconf 84' lang='lat' dir='ltr'><strong>Galba</strong></span> <span class='ocrx_word' id='word_1_481' title='bbox 2171 3728 2225 3776; x_wconf 91' lang='lat' dir='ltr'><strong>in</strong></span> <span class='ocrx_word' id='word_1_482' title='bbox 2264 3725 2517 3787; x_wconf 80' lang='lat' dir='ltr'><strong>Hispania</strong></span> <span class='ocrx_word' id='word_1_483' title='bbox 2555 3726 2621 3777; x_wconf 94' lang='lat' dir='ltr'><strong>ab</strong></span> <span class='ocrx_word' id='word_1_484' title='bbox 2673 3725 2964 3789; x_wconf 77' lang='lat' dir='ltr'><strong>legionibus</strong></span> 
     </span>
     <span class='ocr_line' id='line_1_73' title="bbox 1669 3804 2963 3869; baseline 0.002 -14"><span class='ocrx_word' id='word_1_485' title='bbox 1669 3807 1906 3868; x_wconf 85' lang='lat' dir='ltr'><strong>principe</strong></span> <span class='ocrx_word' id='word_1_486' title='bbox 1953 3812 2163 3864; x_wconf 91' lang='lat' dir='ltr'><strong>creato,</strong></span> <span class='ocrx_word' id='word_1_487' title='bbox 2212 3809 2456 3866; x_wconf 86' lang='lat' dir='ltr'><strong>apparuit</strong></span> <span class='ocrx_word' id='word_1_488' title='bbox 2490 3804 2633 3865; x_wconf 75' lang='lat' dir='ltr'><strong>fore,</strong></span> <span class='ocrx_word' id='word_1_489' title='bbox 2684 3810 2743 3855; x_wconf 88' lang='lat' dir='ltr'><strong>ut</strong></span> <span class='ocrx_word' id='word_1_490' title='bbox 2780 3812 2963 3869; x_wconf 86' lang='lat' dir='ltr'><strong>postea</strong></span> 
     </span>
     <span class='ocr_line' id='line_1_74' title="bbox 1667 3885 2965 3950; baseline 0.001 -15"><span class='ocrx_word' id='word_1_491' title='bbox 1667 3887 1754 3936; x_wconf 87' lang='lat' dir='ltr'><strong>aiii</strong></span> <span class='ocrx_word' id='word_1_492' title='bbox 1792 3897 2007 3948; x_wconf 82' lang='lat' dir='ltr'><strong>quoque</strong></span> <span class='ocrx_word' id='word_1_493' title='bbox 2044 3885 2209 3936; x_wconf 89' lang='lat' dir='ltr'><strong>duces</strong></span> <span class='ocrx_word' id='word_1_494' title='bbox 2244 3887 2384 3937; x_wconf 90' lang='lat' dir='ltr'><strong>idem</strong></span> <span class='ocrx_word' id='word_1_495' title='bbox 2421 3891 2768 3950; x_wconf 80' lang='lat' dir='ltr'><strong>sequerentur</strong></span> <span class='ocrx_word' id='word_1_496' title='bbox 2792 3898 2965 3938; x_wconf 74' lang='lat' dir='ltr'><strong>exc·-</strong></span> 
     </span>
     <span class='ocr_line' id='line_1_75' title="bbox 1668 3964 2964 4028; baseline 0.002 -12"><span class='ocrx_word' id='word_1_497' title='bbox 1668 3966 1831 4028; x_wconf 88' lang='lat' dir='ltr'><strong>pium.</strong></span> <span class='ocrx_word' id='word_1_498' title='bbox 1906 3964 2036 4027; x_wconf 86' lang='lat' dir='ltr'><strong>(iem</strong></span> <span class='ocrx_word' id='word_1_499' title='bbox 2074 3966 2197 4017; x_wconf 90' lang='lat' dir='ltr'><strong>oiim</strong></span> <span class='ocrx_word' id='word_1_500' title='bbox 2237 3969 2291 4017; x_wconf 91' lang='lat' dir='ltr'><strong>in</strong></span> <span class='ocrx_word' id='word_1_501' title='bbox 2328 3971 2503 4019; x_wconf 80' lang='lat' dir='ltr'><strong>vetere</strong></span> <span class='ocrx_word' id='word_1_502' title='bbox 2530 3964 2800 4028; x_wconf 85' lang='lat' dir='ltr'><strong>republica</strong></span> <span class='ocrx_word' id='word_1_503' title='bbox 2828 3966 2964 4018; x_wconf 87' lang='lat' dir='ltr'><strong>iudi-</strong></span> 
     </span>
     <span class='ocr_line' id='line_1_76' title="bbox 1669 4045 2968 4112; baseline 0 -16"><span class='ocrx_word' id='word_1_504' title='bbox 1669 4046 1875 4104; x_wconf 85' lang='lat' dir='ltr'><strong>cabant,</strong></span> <span class='ocrx_word' id='word_1_505' title='bbox 1912 4045 2045 4095; x_wconf 74' lang='lat' dir='ltr'><strong>malt·</strong></span> <span class='ocrx_word' id='word_1_506' title='bbox 2078 4046 2301 4108; x_wconf 63' lang='lat' dir='ltr'><strong>ememph‘</strong></span> <span class='ocrx_word' id='word_1_507' title='bbox 2337 4058 2444 4096; x_wconf 89' lang='lat' dir='ltr'><strong>esse</strong></span> <span class='ocrx_word' id='word_1_508' title='bbox 2480 4047 2821 4108; x_wconf 71' lang='lat' dir='ltr'><strong>imperator-aa</strong></span> <span class='ocrx_word' id='word_1_509' title='bbox 2864 4046 2968 4112; x_wconf 68' lang='lat' dir='ltr'><strong>leqi</strong></span> 
     </span>
     <span class='ocr_line' id='line_1_77' title="bbox 1667 4125 2967 4189; baseline 0.002 -13"><span class='ocrx_word' id='word_1_510' title='bbox 1667 4125 1733 4176; x_wconf 82' lang='lat' dir='ltr'><strong>ab</strong></span> <span class='ocrx_word' id='word_1_511' title='bbox 1768 4125 2076 4177; x_wconf 71' lang='lat' dir='ltr'><strong>exercitibus</strong></span> <span class='ocrx_word' id='word_1_512' title='bbox 2110 4131 2160 4175; x_wconf 80' lang='lat' dir='ltr'><strong>et</strong></span> <span class='ocrx_word' id='word_1_513' title='bbox 2191 4125 2431 4176; x_wconf 77' lang='lat' dir='ltr'><strong>sollemne</strong></span> <span class='ocrx_word' id='word_1_514' title='bbox 2465 4127 2864 4189; x_wconf 75' lang='lat' dir='ltr'><strong>auspicatos-um</strong></span> <span class='ocrx_word' id='word_1_515' title='bbox 2884 4139 2967 4178; x_wconf 86' lang='lat' dir='ltr'><strong>co-</strong></span> 
     </span>
     <span class='ocr_line' id='line_1_78' title="bbox 1666 4204 2965 4267; baseline 0.002 -13"><span class='ocrx_word' id='word_1_516' title='bbox 1666 4205 1936 4254; x_wconf 77' lang='lat' dir='ltr'><strong>mitiorum</strong></span> <span class='ocrx_word' id='word_1_517' title='bbox 1970 4205 2028 4254; x_wconf 74' lang='lat' dir='ltr'><strong>tn</strong></span> <span class='ocrx_word' id='word_1_518' title='bbox 2062 4210 2240 4255; x_wconf 80' lang='lat' dir='ltr'><strong>castra</strong></span> <span class='ocrx_word' id='word_1_519' title='bbox 2277 4211 2326 4256; x_wconf 84' lang='lat' dir='ltr'><strong>et</strong></span> <span class='ocrx_word' id='word_1_520' title='bbox 2356 4205 2663 4267; x_wconf 71' lang='lat' dir='ltr'><strong>prouincias</strong></span> <span class='ocrx_word' id='word_1_521' title='bbox 2683 4204 2872 4267; x_wconf 77' lang='lat' dir='ltr'><strong>procul</strong></span> <span class='ocrx_word' id='word_1_522' title='bbox 2896 4204 2965 4256; x_wconf 79' lang='lat' dir='ltr'><strong>ab</strong></span> 
     </span>
     <span class='ocr_line' id='line_1_79' title="bbox 1667 4283 2967 4348; baseline 0 -13"><span class='ocrx_word' id='word_1_523' title='bbox 1667 4285 1862 4348; x_wconf 63' lang='lat' dir='ltr'><strong>levibus</strong></span> <span class='ocrx_word' id='word_1_524' title='bbox 1896 4283 2393 4348; x_wconf 58' lang='lat' dir='ltr'><strong>numismatibusque</strong></span> <span class='ocrx_word' id='word_1_525' title='bbox 2439 4285 2511 4333; x_wconf 72' lang='lat' dir='ltr'><strong>aa</strong></span> <span class='ocrx_word' id='word_1_526' title='bbox 2560 4284 2847 4334; x_wconf 72' lang='lat' dir='ltr'><strong>militarem</strong></span> <span class='ocrx_word' id='word_1_527' title='bbox 2896 4291 2967 4335; x_wconf 82' lang='lat' dir='ltr'><strong>ts-</strong></span> 
     </span>
     <span class='ocr_line' id='line_1_80' title="bbox 1664 4361 2967 4429; baseline 0.001 -15"><span class='ocrx_word' id='word_1_528' title='bbox 1664 4366 1959 4415; x_wconf 76' lang='lat' dir='ltr'><strong>mert&#39;iatem</strong></span> <span class='ocrx_word' id='word_1_529' title='bbox 1995 4365 2297 4428; x_wconf 69' lang='lat' dir='ltr'><strong>transferri.</strong></span> <span class='ocrx_word' id='word_1_530' title='bbox 2326 4365 2439 4416; x_wconf 80' lang='lat' dir='ltr'><strong>Liv.</strong></span> <span class='ocrx_word' id='word_1_531' title='bbox 2481 4364 2569 4426; x_wconf 76' lang='lat'><strong>26,</strong></span> <span class='ocrx_word' id='word_1_532' title='bbox 2599 4364 2653 4413; x_wconf 70' lang='grc' dir='ltr'><strong>Β.</strong></span> <span class='ocrx_word' id='word_1_533' title='bbox 2686 4361 2967 4429; x_wconf 71' lang='lat' dir='ltr'><strong>Gnonov.)</strong></span> 
     </span>
     <span class='ocr_line' id='line_1_81' title="bbox 1667 4444 2970 4508; baseline 0 -13"><span class='ocrx_word' id='word_1_534' title='bbox 1667 4445 1888 4508; x_wconf 73' lang='lat' dir='ltr'><strong>Imperii</strong></span> <span class='ocrx_word' id='word_1_535' title='bbox 1922 4450 2096 4495; x_wconf 88' lang='lat' dir='ltr'><strong>autem</strong></span> <span class='ocrx_word' id='word_1_536' title='bbox 2132 4457 2356 4503; x_wconf 76' lang='lat' dir='ltr'><strong>arcana,</strong></span> <span class='ocrx_word' id='word_1_537' title='bbox 2397 4450 2457 4495; x_wconf 91' lang='lat' dir='ltr'><strong>ut</strong></span> <span class='ocrx_word' id='word_1_538' title='bbox 2506 4445 2645 4495; x_wconf 72' lang='lat' dir='ltr'><strong>Ann-</strong></span> <span class='ocrx_word' id='word_1_539' title='bbox 2684 4445 2749 4504; x_wconf 75' lang='lat'><strong>2,</strong></span> <span class='ocrx_word' id='word_1_540' title='bbox 2788 4444 2873 4495; x_wconf 72' lang='lat'><strong>36.</strong></span> <span class='ocrx_word' id='word_1_541' title='bbox 2914 4450 2970 4495; x_wconf 85' lang='lat' dir='ltr'><strong>et</strong></span> 
     </span>
     <span class='ocr_line' id='line_1_82' title="bbox 1665 4524 2965 4586; baseline -0.002 -11"><span class='ocrx_word' id='word_1_542' title='bbox 1665 4524 1754 4575; x_wconf 81' lang='lat'><strong>59.</strong></span> <span class='ocrx_word' id='word_1_543' title='bbox 1779 4560 1795 4581; x_wconf 88' lang='lat'><strong>.</strong></span> <span class='ocrx_word' id='word_1_544' title='bbox 1833 4529 1987 4576; x_wconf 75' lang='lat' dir='ltr'><strong>vocat</strong></span> <span class='ocrx_word' id='word_1_545' title='bbox 2008 4529 2145 4575; x_wconf 73' lang='lat' dir='ltr'><strong>arie!</strong></span> <span class='ocrx_word' id='word_1_546' title='bbox 2172 4526 2375 4586; x_wconf 74' lang='lat' dir='ltr'><strong>inperii</strong></span> <span class='ocrx_word' id='word_1_547' title='bbox 2401 4532 2572 4575; x_wconf 68' lang='lat' dir='ltr'><strong>certae</strong></span> <span class='ocrx_word' id='word_1_548' title='bbox 2604 4524 2825 4572; x_wconf 64' lang='lat' dir='ltr'><strong>furnilium</strong></span> <span class='ocrx_word' id='word_1_549' title='bbox 2853 4536 2909 4572; x_wconf 69' lang='lat' dir='ltr'><strong>ce</strong></span> <span class='ocrx_word' id='word_1_550' title='bbox 2921 4540 2965 4572; x_wconf 74' lang='lat' dir='ltr'><strong>r*</strong></span> 
     </span>
     <span class='ocr_line' id='line_1_83' title="bbox 1666 4604 2965 4668; baseline -0.004 -12"><span class='ocrx_word' id='word_1_551' title='bbox 1666 4611 1785 4658; x_wconf 77' lang='lat' dir='ltr'><strong>tore</strong></span> <span class='ocrx_word' id='word_1_552' title='bbox 1813 4606 2034 4666; x_wconf 83' lang='lat' dir='ltr'><strong>principi</strong></span> <span class='ocrx_word' id='word_1_553' title='bbox 2060 4605 2319 4665; x_wconf 77' lang='lat' dir='ltr'><strong>servandi,</strong></span> <span class='ocrx_word' id='word_1_554' title='bbox 2350 4605 2616 4655; x_wconf 76' lang='lat' dir='ltr'><strong>bominum</strong></span> <span class='ocrx_word' id='word_1_555' title='bbox 2648 4604 2793 4668; x_wconf 64' lang='lat' dir='ltr'><strong>vulgo</strong></span> <span class='ocrx_word' id='word_1_556' title='bbox 2825 4610 2965 4668; x_wconf 68' lang='lat' dir='ltr'><strong>igno-</strong></span> 
     </span>
     <span class='ocr_line' id='line_1_84' title="bbox 1668 4685 2965 4748; baseline -0.003 -12"><span class='ocrx_word' id='word_1_557' title='bbox 1668 4694 1744 4738; x_wconf 90' lang='lat' dir='ltr'><strong>tas</strong></span> <span class='ocrx_word' id='word_1_558' title='bbox 1780 4691 1941 4747; x_wconf 83' lang='lat' dir='ltr'><strong>atque</strong></span> <span class='ocrx_word' id='word_1_559' title='bbox 1983 4685 2285 4736; x_wconf 85' lang='lat' dir='ltr'><strong>occultatas.</strong></span> <span class='ocrx_word' id='word_1_560' title='bbox 2326 4702 2388 4721; x_wconf 88' lang='lat'><strong>·—</strong></span> <span class='ocrx_word' id='word_1_561' title='bbox 2425 4685 2656 4748; x_wconf 55' lang='lat' dir='ltr'><strong>insessi-n]</strong></span> <span class='ocrx_word' id='word_1_562' title='bbox 2688 4688 2885 4732; x_wconf 68' lang='lat' dir='ltr'><strong>sincera</strong></span> <span class='ocrx_word' id='word_1_563' title='bbox 2913 4692 2965 4732; x_wconf 74' lang='lat' dir='ltr'><strong>ct</strong></span> 
     </span>
     <span class='ocr_line' id='line_1_85' title="bbox 1666 4764 2961 4828; baseline -0.005 -10"><span class='ocrx_word' id='word_1_564' title='bbox 1666 4767 1874 4818; x_wconf 78' lang='lat' dir='ltr'><strong>iascivia</strong></span> <span class='ocrx_word' id='word_1_565' title='bbox 1937 4769 2235 4828; x_wconf 88' lang='lat' dir='ltr'><strong>temporum</strong></span> <span class='ocrx_word' id='word_1_566' title='bbox 2297 4776 2403 4815; x_wconf 89' lang='lat' dir='ltr'><strong>non</strong></span> <span class='ocrx_word' id='word_1_567' title='bbox 2458 4772 2720 4824; x_wconf 64' lang='lat' dir='ltr'><strong>corrup—im</strong></span> <span class='ocrx_word' id='word_1_568' title='bbox 2813 4764 2961 4812; x_wconf 68' lang='grc' dir='ltr'><strong>ιιι-ε..</strong></span> 
     </span>
     <span class='ocr_line' id='line_1_86' title="bbox 1671 4843 2961 4909; baseline 0.001 -15"><span class='ocrx_word' id='word_1_569' title='bbox 1671 4870 1730 4883; x_wconf 90' lang='grc'>-</span> <span class='ocrx_word' id='word_1_570' title='bbox 1767 4845 1977 4909; x_wconf 58' lang='lat' dir='ltr'><strong>magnis</strong></span> <span class='ocrx_word' id='word_1_571' title='bbox 2010 4844 2245 4895; x_wconf 76' lang='lat' dir='ltr'><strong>domibus</strong></span> <span class='ocrx_word' id='word_1_572' title='bbox 2278 4843 2508 4904; x_wconf 73' lang='lat' dir='ltr'><strong>adnexa]</strong></span> <span class='ocrx_word' id='word_1_573' title='bbox 2552 4848 2716 4892; x_wconf 65' lang='lat' dir='ltr'><strong>varias</strong></span> <span class='ocrx_word' id='word_1_574' title='bbox 2753 4856 2845 4904; x_wconf 69' lang='lat' dir='ltr'><strong>per</strong></span> <span class='ocrx_word' id='word_1_575' title='bbox 2873 4860 2961 4896; x_wconf 71' lang='lat' dir='ltr'><strong>nn-</strong></span> 
     </span>
     <span class='ocr_line' id='line_1_87' title="bbox 1672 4924 2965 4986; baseline -0.002 -11"><span class='ocrx_word' id='word_1_576' title='bbox 1672 4924 2057 4985; x_wconf 83' lang='lat' dir='ltr'><strong>cessitudines‚</strong></span> <span class='ocrx_word' id='word_1_577' title='bbox 2095 4930 2154 4975; x_wconf 93' lang='lat' dir='ltr'><strong>ut</strong></span> <span class='ocrx_word' id='word_1_578' title='bbox 2190 4930 2348 4986; x_wconf 89' lang='lat' dir='ltr'><strong>puta,</strong></span> <span class='ocrx_word' id='word_1_579' title='bbox 2398 4937 2492 4986; x_wconf 87' lang='lat' dir='ltr'><strong>per</strong></span> <span class='ocrx_word' id='word_1_580' title='bbox 2532 4924 2830 4983; x_wconf 64' lang='grc' dir='ltr'>τςΙιι·-ιιιεέε5,</span> <span class='ocrx_word' id='word_1_581' title='bbox 2870 4936 2965 4986; x_wconf 71' lang='lat' dir='ltr'><strong>per</strong></span> 
     </span>
     <span class='ocr_line' id='line_1_88' title="bbox 1672 5000 2961 5067; baseline 0.001 -14"><span class='ocrx_word' id='word_1_582' title='bbox 1672 5009 2074 5067; x_wconf 87' lang='lat' dir='ltr'><strong>procurationes</strong></span> <span class='ocrx_word' id='word_1_583' title='bbox 2110 5005 2379 5057; x_wconf 86' lang='lat' dir='ltr'><strong>redituum</strong></span> <span class='ocrx_word' id='word_1_584' title='bbox 2430 5016 2493 5055; x_wconf 88' lang='lat' dir='ltr'><strong>ae</strong></span> <span class='ocrx_word' id='word_1_585' title='bbox 2529 5000 2921 5055; x_wconf 78' lang='lat' dir='ltr'><strong>iatiinndiornm</strong></span> <span class='ocrx_word' id='word_1_586' title='bbox 2945 5039 2961 5065; x_wconf 86' lang='lat'><em>,</em></span> 
     </span>
     <span class='ocr_line' id='line_1_89' title="bbox 1674 5082 2967 5145; baseline 0.002 -12"><span class='ocrx_word' id='word_1_587' title='bbox 1674 5096 1767 5144; x_wconf 90' lang='lat' dir='ltr'><strong>per</strong></span> <span class='ocrx_word' id='word_1_588' title='bbox 1802 5097 1914 5134; x_wconf 90' lang='lat' dir='ltr'><strong>rem</strong></span> <span class='ocrx_word' id='word_1_589' title='bbox 1950 5089 2105 5136; x_wconf 90' lang='lat' dir='ltr'><strong>etiam</strong></span> <span class='ocrx_word' id='word_1_590' title='bbox 2152 5084 2451 5141; x_wconf 66' lang='lat' dir='ltr'><strong>tenebrenn</strong></span> <span class='ocrx_word' id='word_1_591' title='bbox 2501 5082 2553 5133; x_wconf 85' lang='lat' dir='ltr'><strong>bi</strong></span> <span class='ocrx_word' id='word_1_592' title='bbox 2590 5087 2767 5133; x_wconf 85' lang='lat' dir='ltr'><strong>autem</strong></span> <span class='ocrx_word' id='word_1_593' title='bbox 2804 5095 2967 5145; x_wconf 89' lang='lat' dir='ltr'><strong>oppo-</strong></span> 
     </span>
     <span class='ocr_line' id='line_1_90' title="bbox 1672 5159 2964 5228; baseline -0.003 -12"><span class='ocrx_word' id='word_1_594' title='bbox 1672 5169 1874 5216; x_wconf 90' lang='lat' dir='ltr'><strong>nuntur</strong></span> <span class='ocrx_word' id='word_1_595' title='bbox 1904 5164 2043 5228; x_wconf 72' lang='lat' dir='ltr'><strong>plebs·</strong></span> <span class='ocrx_word' id='word_1_596' title='bbox 2090 5165 2353 5217; x_wconf 76' lang='lat' dir='ltr'><strong>sordidos.</strong></span> <span class='ocrx_word' id='word_1_597' title='bbox 2390 5187 2461 5200; x_wconf 91' lang='lat'>—</span> <span class='ocrx_word' id='word_1_598' title='bbox 2489 5163 2551 5212; x_wconf 72' lang='lat' dir='ltr'><strong>tn</strong></span> <span class='ocrx_word' id='word_1_599' title='bbox 2598 5174 2741 5225; x_wconf 75' lang='lat' dir='ltr'><strong>spem</strong></span> <span class='ocrx_word' id='word_1_600' title='bbox 2779 5159 2964 5228; x_wconf 71' lang='lat' dir='ltr'><strong>erecti]</strong></span> 
     </span>
    </p>
   </div>
  </div>
 </body>
</html>
