3725 5892
517 493 637 558 nmen
656 492 699 558 u.
742 492 816 579 cop.
838 493 891 558 so.
914 492 966 556 ao.
990 491 1044 558 ar.
1068 491 1121 557 aa.
1431 493 1491 559 aaa

161 653 266 739 qm‘etis
281 651 430 739 cupidine
447 653 638 720 senatorium
655 650 799 719 ordinem
817 658 956 722 eruerat.
976 651 1060 718 idem
1078 670 1136 739 pro
1151 649 1249 717 Galba
1265 652 1330 716 dux
1347 649 1491 717 colonim

160 785 245 843 auae,
281 787 383 854 caque
403 786 500 853 opera
517 768 770 850 procurationem
793 768 939 851 adeptus,
973 764 1125 849 susceptis
1143 763 1326 851 Vespasiani
1347 765 1491 849 partibus

160 878 338 944 acerrimam
370 880 456 945 bello
487 879 585 945 iaoem
614 878 773 964 praetulit:
806 898 870 945 nou
897 886 962 943 tam
988 879 1138 964 praemiis
1159 876 1373 962 periculorum
1396 895 1491 965 quam

159 994 229 1078 ipsis
248 990 398 1079 periculis
412 990 524 1068 belus,
546 1012 605 1077 pro
619 994 713 1057 certis
731 1000 764 1058 ot
777 989 853 1057 obm
873 990 970 1074 partis
992 1009 1075 1058 nora
1096 987 1242 1075 ambigua
1259 990 1409 1077 ancipitia
1422 1010 1491 1056 ma-

159 1104 248 1171 lebat.
293 1104 390 1190 igitur
406 1123 534 1170 movere
555 1113 588 1170 et
609 1111 757 1189 quatere,
780 1105 928 1190 quicquid
950 1123 1080 1190 usquam
1101 1121 1233 1187 aegrum
1254 1103 1356 1179 toret,
1381 1101 1514 1187 nigre,

159 1215 293 1284 diunius.
315 1218 449 1303 scriptae
462 1216 495 1282 iu
508 1215 698 1282 Britanniam
718 1220 758 1281 ad
775 1214 1083 1303 quartadecimanos,
1106 1215 1140 1281 in
1162 1218 1343 1301 Hispaniam
1365 1213 1404 1282 ad
1427 1218 1493 1302 pri·

157 1351 263 1397 manos
286 1328 452 1417 epistolae,
488 1326 573 1415 quod
593 1338 725 1416 utraque
746 1328 829 1414 legio
850 1349 908 1416 pro
931 1330 1055 1393 Othona
1076 1330 1209 1395 adversa
1229 1329 1354 1395 Vitellio
1376 1327 1490 1395 suerat.

159 1452 347 1530 sparguntur
364 1462 424 1529 per
438 1441 551 1507 Gallias
572 1441 707 1521 litteram
729 1450 950 1526 momentoque
967 1440 1117 1527 temporis
1139 1438 1290 1526 flagrabat
1303 1441 1412 1527 ingena
1426 1440 1493 1508 bel·

159 1556 235 1635 iam,
258 1555 393 1644 Illyricis
408 1553 599 1620 exercitibus
618 1554 721 1642 palam
739 1552 999 1631 desciscentibus,
1023 1555 1133 1620 ceteris
1153 1552 1310 1620 fortunam
1324 1554 1489 1620 secuturis.

238 1667 309 1752 (87)
329 1672 411 1733 Dum
432 1669 511 1733 haec
531 1686 590 1754 per
610 1667 785 1753 provincias
806 1687 825 1732 a
845 1668 1038 1750 Vespasiano
1064 1668 1261 1751 ducibusque
1281 1666 1418 1753 partiam
1439 1690 1533 1753 ge„

159 1792 288 1858 matur,
310 1779 453 1846 Vitellius
474 1782 682 1867 contemptior
701 1782 734 1846 in
755 1782 823 1846 dies
844 1781 1053 1866 segniorqne,
1076 1777 1116 1845 ad
1135 1782 1238 1845 omnis
1252 1780 1494 1866 municipiorum

160 1895 364 1981 villarumque
383 1892 587 1959 amoenitates
608 1894 773 1968 resistens,
796 1894 883 1976 gravi
897 1894 1009 1956 urbem
1028 1893 1151 1975 agmine
1174 1894 1309 1977 petebat
1332 1893 1495 1978 sexaginta

35 2033 36 2092 3
160 2008 242 2073 milia
266 2014 459 2073 armatorum
481 2003 707 2091 sequebantur,
740 2004 865 2070 licentia
887 2012 1051 2090 corrupta;
1083 2006 1229 2072 calonum
1255 2025 1404 2073 numerus
1430 2027 1496 2072 am·

35 2141 36 2212 2
160 2119 257 2208 ptiar,
292 2117 524 2204 procacissimis
548 2119 642 2183 etiam
667 2118 748 2183 inter
776 2138 884 2183 servos
909 2116 1044 2183 lixarum
1064 2118 1215 2201 ingeniis;
1248 2126 1296 2185 tot
1320 2120 1496 2203 legatorum

35 2215 36 2268 l
160 2232 395 2318 amicorumque
416 2230 580 2297 comitatus
602 2230 748 2295 inhabilis
769 2228 808 2296 ad
830 2227 1020 2315 parendum,
1042 2230 1183 2296 etiamsi
1204 2251 1324 2297 mmma
1345 2230 1534 2313 modestia„

160 2354 335 2430 regeretur.
374 2346 546 2411 onerabant
573 2345 801 2410 multitudinem
830 2344 915 2410 obvii
944 2365 984 2409 ex
1010 2341 1089 2411 urbe
1110 2353 1272 2410 senatores
1293 2346 1495 2432 equitesque,

161 2460 288 2545 qnidam
311 2465 414 2531 metu,
434 2455 524 2522 multi
544 2475 602 2543 per
622 2455 849 2532 adulationem,
871 2458 967 2522 ceteri
989 2477 1025 2521 ac
1045 2456 1193 2543 paulatim
1215 2477 1340 2534 omnes,
1366 2480 1406 2524 ue
1427 2459 1497 2525 aliis
1602 2445 1604 2450 ’

162 2568 431 2657 proficiscentibus
451 2568 513 2654 ipsi
535 2576 743 2635 remanerent.
765 2566 1016 2653 adgregabantur
1029 2589 1047 2633 e
1061 2566 1168 2653 plebe,
1189 2567 1341 2655 flagitiosa
1362 2592 1420 2658 per
1441 2569 1498 2638 ob·

162 2685 273 2772 quia
292 2683 421 2749 Vitellio
442 2683 577 2768 cogniti,
610 2703 756 2759 scurrae,
787 2679 973 2759 histriones,
1002 2682 1147 2767 aurigae,
1181 2682 1295 2768 quibus
1315 2683 1368 2750 illc
1390 2686 1498 2751 amici-

163 2800 274 2863 tiarum
298 2795 579 2862 dehonestamentis
601 2798 680 2860 mim
702 2796 865 2879 gaudebat
892 2816 952 2860 nea
973 2794 1115 2859 coloniae
1136 2793 1230 2860 modo
1252 2803 1307 2861 aut
1328 2796 1535 2885 municipiaaa

164 2916 316 2995 congestu
337 2909 515 2993 copiarum,
544 2906 601 2973 sed
621 2906 681 2993 ipsi
701 2909 838 2973 cultores
859 2928 1013 2994 arvaque,
1041 2908 1171 2972 maturis
1192 2909 1255 2974 iam
1276 2907 1434 2994 frugibus,
1463 2921 1500 2978 ut

164 3024 277 3088 hostile
301 3020 403 3086 solum
425 3023 636 3087 vastabantur.
682 3017 743 3104 (88)
765 3022 882 3085 multae
903 3028 935 3085 et
948 3029 1070 3085 atroces
1083 3019 1168 3085 inter
1182 3039 1216 3085 se
1230 3019 1363 3087 militnm
1377 3023 1498 3101 caedes,

164 3145 234 3219 post
253 3133 442 3200 seditionem
464 3133 564 3197 Ticini
585 3140 728 3217 coeptam
750 3140 895 3197 manente
921 3131 1080 3216 legionum
1110 3131 1360 3221 auxiliorumque
1381 3139 1500 3205 discor·

166 3247 230 3326 dia3
252 3245 311 3313 ubi
331 3243 481 3311 adsersus
502 3263 641 3329 paganos
655 3242 835 3310 certandum
848 3242 948 3319 soret,
970 3263 1135 3310 consensu.
1159 3248 1215 3311 sed
1229 3245 1362 3332 plurima
1378 3258 1499 3336 strages

166 3363 204 3426 ad
222 3361 396 3445 septimum
418 3355 457 3423 ab
479 3360 558 3423 urbe
578 3357 724 3443 lapidem.
748 3356 878 3441 singulis
891 3356 938 3421 ibi
953 3356 1104 3423 militibus
1117 3358 1261 3426 Vitellius
1274 3367 1399 3448 paratos
1412 3366 1538 3430 cibosss

166 3482 200 3540 nt
217 3471 439 3558 gladiatoriam
465 3472 602 3556 saginam
632 3468 808 3549 dividebat3
842 3477 874 3536 et
902 3467 1003 3535 effusa
1028 3469 1138 3555 plebes
1163 3474 1236 3539 totis
1257 3494 1291 3541 se
1314 3474 1423 3542 castris
1443 3478 1502 3542 mi·

233 3623 459 3678 munimime·
476 3622 524 3683 11,
552 3635 605 3675 non
622 3623 738 3686 idemque
755 3621 842 3675 Gueli.
861 3623 966 3677 Puteal.
996 3645 1030 3659 ·-·
1059 3626 1086 3677 5.
1106 3626 1236 3693 quidpiaid
1253 3628 1292 3680 11.
1321 3655 1352 3667 -
1384 3629 1410 3680 b.
1436 3630 1501 3682 brit·

168 3698 269 3750 tantam
287 3695 379 3748 11.-
408 3692 725 3756 noviomensem.
749 3719 778 3731 -
809 3696 853 3744 11.
872 3707 927 3745 oms
944 3708 1003 3746 cum
1022 3695 1068 3746 lin.
1087 3695 1126 3746 11.
1153 3724 1186 3735 -
1213 3699 1257 3749 11.
1285 3705 1391 3763 regetur
1409 3699 1449 3752 11.
1467 3728 1501 3741 -

168 3765 377 3897 qtkmmasbi.
391 3786 423 3887 i
439 3762 482 3814 20.
499 3766 585 3815 mirae
602 3765 641 3817 11.
657 3789 686 3803 -
707 3763 750 3817 2³.
769 3772 889 3829 caeptam
899 3765 939 3818 11.
959 3789 989 3802 -
1009 3765 1054 3818 11.
1072 3769 1198 3820 certando
1215 3769 1317 3823 litterae
1335 3782 1350 3821 o
1367 3784 1500 3836 superior.

171 3856 187 3888 a
233 3863 295 3887 .-
332 3848 378 3886 ora
425 3867 433 3884 .

170 3973 283 4026 Cornelii
301 3973 381 4024 buius
400 3980 506 4033 operam
525 3970 551 4020 in
572 3980 603 4021 ea
617 3969 715 4021 Galbae
732 3972 821 4023 conci·
856 3970 882 4031 1,
903 3970 953 4022 aa:
972 3971 1045 4036 apud
1056 3972 1260 4026 Marcomannos
1271 3976 1405 4028 etnostrts
1418 3989 1430 4028 a
1440 3990 1503 4041 pro·

171 4054 255 4106 tonas
284 4051 431 4105 adhibitam
461 4050 643 4112 descripserat.
670 4051 758 4102 ltrcr.
787 4077 820 4088 -
856 4051 948 4100 monta
966 4051 1037 4101 linae
1055 4066 1087 4102 ac
1103 4055 1278 4119 nepottatores
1295 4058 1409 4118 repersi,
1437 4070 1503 4122 quos

172 4127 376 4198 munior]
405 4129 579 4192 Vespasianus
597 4135 624 4180 et
643 4133 755 4191 partiam
774 4130 821 4181 du·
856 4132 897 4180 ius
915 4132 1075 4189 commercii,
1106 4133 1167 4182 dein
1184 4135 1277 4196 cupido
1296 4137 1413 4200 augendi
1428 4149 1503 4199 peon·

172 4225 223 4267 ees.
252 4213 326 4265 Sane
340 4216 548 4262 consentaneum
568 4215 609 4261 est
626 4210 747 4270 epistolas
765 4209 821 4261 ilias
858 4212 946 4263 niam,
963 4218 1098 4274 postremo
1116 4211 1211 4263 obliuio
1228 4215 1336 4275 patriae
1352 4216 1406 4265 suis
1417 4229 1503 4280 qnem-

172 4293 203 4345 11
221 4298 281 4357 ipso
303 4291 463 4353 Vespasiano
481 4292 589 4351 scriptas
608 4301 674 4341 esse·
858 4302 905 4353 quc
922 4289 955 4340 ab
973 4290 1075 4341 sedibus
1092 4290 1210 4342 hostilem
1226 4294 1256 4342 in
1274 4306 1369 4359 aprum
1387 4300 1503 4346 transto-

205 4373 251 4424 8'1.
272 4372 418 4434 sexaginta
434 4365 519 4432 milia]
537 4367 606 4419 Vide
625 4368 778 4419 Brennum.
789 4394 821 4407 -
858 4368 935 4418 terat.
956 4369 990 4419 iit
1007 4368 1073 4422 lirae
1086 4383 1193 4434 quoque
1204 4406 1213 4433 ,
1226 4378 1256 4422 ut
1267 4372 1311 4422 bie
1323 4374 1413 4435 rides,
1431 4386 1504 4425 man·

174 4454 299 4504 umnam
316 4447 381 4512 eet]
414 4449 530 4512 vulgans
557 4450 669 4510 scriptor
691 4446 767 4499 tacite
785 4448 822 4497 di·
860 4450 936 4510 cipite
955 4447 989 4498 ob
1006 4449 1084 4500 ritem
1103 4458 1244 4513 quaestum
1259 4464 1290 4502 sc
1309 4467 1394 4506 mores
1413 4468 1503 4517 proea-

173 4535 270 4584 sinete
302 4529 424 4581 colonum
453 4529 620 4593 lixarumque
647 4540 768 4577 numeros
785 4550 823 4563 ··
859 4528 1163 4591 cesacquipasabantur.
1178 4555 1209 4567 -
1229 4532 1503 4599 etiaminterseroos]

174 4613 267 4662 mon
285 4610 414 4676 inperiis,
434 4611 472 4658 uti
492 4607 649 4669 piarumque
667 4611 821 4670 iunguntur.
861 4608 917 4658 orei
936 4612 958 4658 st
977 4620 1037 4659 cum
1062 4621 1195 4661 emiorum
1219 4613 1330 4675 ingentis
1351 4625 1502 4678 compares,

176 4691 227 4742 Cis.
247 4703 331 4753 rupea
352 4689 379 4751 1,
397 4686 441 4739 11.
460 4687 497 4746 3,
515 4688 549 4736 20
568 4694 593 4738 et
611 4685 656 4736 31.
687 4682 751 4751 (cis.
771 4685 823 4736 Fe·
860 4690 938 4739 ettam
952 4687 1018 4739 baec
1030 4691 1188 4750 proceritate
1201 4693 1378 4753 superantia.»
1397 4693 1502 4748 busan.

176 4779 228 4823 stus
257 4784 286 4834 p.
310 4768 357 4819 11.
396 4766 503 4820 ticeli:
537 4766 681 4818 Calones
709 4765 824 4815 militum

176 4849 332 4903 recidisti.
368 4845 468 4897 llantur
488 4859 515 4908 p.
529 4845 572 4897 11.
609 4845 708 4897 diere:
729 4844 824 4895 Lira-
895 4844 940 4896 81.
970 4845 1057 4896 Ticini
1074 4843 1206 4912 coeptam]
1232 4846 1502 4902 11111111.-

179 4943 247 4983 sara
273 4928 429 4993 proprietas
453 4926 515 4976 baec
539 4928 592 4980 est,
622 4924 693 4987 quod
710 4924 824 4989 officinm
858 4921 994 4988 paganos]
1014 4924 1067 4975 Cir.
1086 4928 1112 4988 1,
1131 4926 1174 4978 53.
1199 4950 1229 4964 ·-
1256 4928 1446 4991 gladiatoriam
1463 4943 1506 4983 sa·

179 5004 704 5069 maineentmtittibusoquoeosiendan
728 5004 824 5054 iiiam
861 5000 969 5069 pinam]
996 5002 1140 5068 Cyprianus
1169 5005 1218 5068 iip.
1237 5007 1270 5055 ad
1292 5006 1503 5075 Donatumliid.

179 5097 294 5151 mgna
309 5097 408 5151 aquam
425 5079 712 5145 oetmasuaeooeront.)
747 5084 824 5135 Liras
862 5084 937 5134 retii.
955 5082 1064 5136 bremae
1091 5085 1170 5139 1111.
1195 5098 1221 5148 p.
1241 5081 1297 5149 5.):
1329 5088 1456 5151 impletur
1477 5093 1507 5142 tn

182 5169 279 5224 maros
289 5163 518 5227 beminesiuisaa,
538 5165 587 5214 rita
599 5159 703 5225 colligas
715 5163 824 5214 eranu-
861 5175 967 5214 ancones
982 5163 1047 5214 cibis
1062 5163 1215 5227 sortientes
1240 5176 1335 5229 corpas
1353 5174 1377 5221 et
1396 5171 1508 5223 aroma
