3725 5892
1150 475 1549 543 outoous
1616 477 1764 563 Cap.
1813 478 1916 542 26.
1959 480 2064 543 27.
2108 479 2210 548 28.
2896 479 3014 543 501

348 639 580 707 fruitur
638 646 710 705 ut
769 659 837 704 se
891 646 1036 704 ante
1100 638 1464 704 Ciceronem
1530 644 1850 711 numeret.
1936 635 2047 704 sed
2110 636 2290 723 plane
2354 644 2498 722 post
2554 636 3018 704 Gabinianum?

349 750 481 839 (27)
544 758 608 818 at
661 772 782 838 ego
822 772 968 817 ‘non
1029 753 1304 817 verebor
1359 749 1682 817 nominare
1750 750 2063 836 singuloS,

2155 770 2281 837 quo
2337 748 2609 826 facilius.
2680 753 3019 837 propositis

347 863 688 950 exemplis.
735 872 1039 949 appareat
1079 867 1309 950 quibus
1356 866 1653 948 gradibus
1697 865 1896 930 fracta
1938 864 2016 930 sit
2057 873 2120 931 et
2158 864 2476 930 deminuta
2510 866 2890 949 eloquentia.

520 984 770 1064 Appara
814 986 911 1054 te,
975 980 1177 1063 inquit
1222 980 1567 1053 Maternus.
1643 986 1707 1043 et
1756 978 1964 1064 potius
2014 977 2270 1043 exsolve
2320 981 2716 1065 promissum.

2813 997 3021 1064 neque

347 1092 523 1160 enim
569 1092 694 1157 hoc
737 1089 946 1176 colligi
988 1088 1449 1161 desideramus.
1512 1093 1880 1158 disertiores
1915 1112 2053 1156 esse
2099 1092 2431 1178 antiquos,
2492 1093 2662 1177 quod
2704 1094 2873 1176 apud
2917 1112 3068 1158 mes

347 1208 610 1295 quidem
652 1205 715 1270 in
758 1204 1048 1269 confesso
1095 1213 1217 1279 est,
1263 1209 1371 1271 sed
1421 1226 1637 1271 causas
1675 1204 2099 1290 exquirimus,
2159 1226 2313 1291 quas
2355 1212 2416 1270 te
2457 1204 2707 1270 solitum
2754 1212 3022 1270 tractare

345 1321 397 1402 -ξ-
431 1318 620 1403 paulo
641 1328 785 1383 ante
807 1320 1059 1395 dixisti,
1085 1297 1266 1404 plane
1299 1318 1514 1384 mitior
1535 1326 1598 1383 et
1615 1320 2006 1404 eloquentiae
2046 1327 2397 1405 temporum
2428 1327 2786 1384 nostrorum
2816 1319 3020 1385 minus

343 1435 582 1508 iratus,
627 1440 957 1517 antequam
1003 1440 1064 1496 te
1108 1435 1276 1517 Aper
1318 1433 1667 1499 offenderet
1710 1433 1979 1497 maiores
2024 1439 2165 1497 tuos
2208 1430 2590 1501 lacessendo.

518 1549 659 1612 Non
690 1566 864 1619 sum.
908 1544 1147 1631 inquit,
1193 1543 1471 1610 offensus
1500 1550 1646 1632 Apri
1681 1545 1784 1610 illa
1814 1544 2271 1631 disputatione;
2317 1565 2460 1610 nam
2489 1564 2747 1610 necvos
2786 1543 3017 1610 offendi

343 1658 634 1737 decebit,
682 1659 734 1724 si
766 1660 918 1744 quid
947 1656 1110 1725 sorte
1140 1678 1323 1724 aures
1360 1667 1596 1723 vestras
1626 1660 2034 1742 perstringat,
2080 1678 2219 1722 cum
2251 1657 2459 1723 sciatis
2502 1656 2658 1723 hanc
2690 1677 2827 1723 esse
2858 1659 3017 1724 eius·
3036 1675 3095 1717 ιο

342 1774 523 1838 modi
553 1791 911 1838 sermonum
939 1771 1142 1855 legem
1165 1818 1184 1846 ‚
1230 1769 1530 1837 iudicium
1561 1769 1751 1836 animi
1780 1771 1934 1835 citra
1965 1775 2257 1836 damnum
2288 1775 2544 1836 affectus
2575 1772 2889 1857 proferre.

518 1887 751 1972 Perge,
815 1883 1019 1971 inquit
1059 1886 1417 1949 Maternus:
1488 1904 1629 1950 cum
1691 1886 1770 1949 de
1816 1884 2088 1970 antiquis
2143 1886 2456 1970 loquaris.
2529 1892 2711 1950 utere
2767 1887 3021 1971 antiqua

338 1998 677 2074 libertate,
726 2019 762 2063 a
807 2019 930 2084 qua
973 1996 1073 2063 vel
1118 1997 1314 2083 magis
1356 1996 1877 2082 degeneravimus
1922 2018 2110 2081 quam
2156 1994 2233 2061 ab
2278 1996 2657 2082 eloquentia.

523 2110 644 2197 (28)
690 2114 848 2176 Tum
899 2109 1189 2183 Messala.
1258 2114 1396 2175 Non
1447 2110 1833 2186 reconditas,
1894 2115 2203 2185 Materno.
2261 2131 2479 2177 causas
2522 2110 2829 2197 requiris,
2896 2131 3017 2176 nec

338 2234 455 2293 aut
496 2222 609 2291 tibi
652 2226 770 2311 ipsi
816 2230 924 2289 aut
964 2225 1108 2288 huic
1154 2226 1444 2289 Secundo
1484 2223 1585 2288 vel
1626 2225 1772 2288 huic
1800 2228 1969 2307 Apro
2017 2225 2300 2309 ignotas,
2348 2224 2591 2290 etiamsi
2624 2226 2779 2288 mihi
2810 2233 3016 2309 partes
3031 2245 3090 2289 ιε

338 2337 680 2423 assignatis
722 2334 1086 2421 proferendi
1129 2338 1194 2401 in
1236 2336 1509 2404 medium
1550 2356 1710 2422 quae
1751 2357 1968 2401 omnes
2010 2337 2334 2402 sentimus.
2382 2336 2524 2423 quis
2563 2337 2730 2403 enim
2773 2338 3023 2423 ignorat

340 2463 404 2520 et
436 2451 858 2537 eloquentiam
907 2458 969 2515 et
1012 2460 1253 2516 ceteras
1298 2459 1465 2516 artes
1497 2448 1832 2515 descivisse
1869 2447 1947 2513 ab
1988 2448 2094 2514 illa
2142 2458 2355 2516 vetere
2396 2452 2595 2534 gloria
2633 2470 2760 2517 uon
2805 2449 3021 2535 inopia

490 2595 544 2645 3.
590 2595 763 2647 Habet
795 2593 971 2657 [rocta
1007 2595 1079 2653 P.
1121 2608 1225 2645 non
1261 2595 1302 2645 F
1335 2596 1492 2656 freta.
1535 2619 1599 2631 —
1646 2596 1908 2645 diminuto
1944 2594 2004 2644 P.
2048 2619 2105 2632 ·-
2151 2594 2202 2644 6.
2241 2592 2464 2657 Apparet
2500 2601 2550 2646 te
2574 2594 2614 2646 Ρ
2640 2594 2777 2645 Fnz
2814 2594 3020 2657 Appro-

340 2681 481 2733 pem
517 2672 567 2717 te
603 2667 742 2729 Splr.
769 2703 784 2726 ,
822 2667 1131 2729 appropera
1167 2679 1282 2716 cum
1319 2665 1609 2717 Puteolano
1648 2665 1709 2715 B.
1753 2690 1813 2702 —
1875 2666 1928 2715 5.
1968 2666 2056 2715 hec
2092 2665 2218 2726 (stc.
2279 2679 2383 2716 non
2420 2665 2567 2725 haec)
2610 2667 2671 2715 Ρ.
2723 2690 2786 2701 -
2842 2667 3017 2717 Habet

340 2753 425 2789 sne
461 2738 668 2803 quidem
703 2738 743 2788 P
767 2772 781 2795 ,
823 2745 882 2786 ut
915 2736 986 2795 F.
1039 2750 1143 2786 non
1178 2748 1259 2785 me
1295 2738 1528 2801 equidem
1566 2736 1699 2786 ΕΜ.
1739 2742 1860 2787 ante
1895 2737 2020 2786 Ern.
2060 2749 2348 2799 rursusque
2388 2735 2629 2789 Walther
2666 2741 2718 2786 et
2755 2736 2911 2788 Besa.
2952 2760 3017 2773 —

339 2812 398 2861 7.
439 2808 606 2872 paulo
642 2814 763 2859 unte
796 2807 956 2868 plene
988 2810 1170 2857 mitior
1207 2809 1325 2864 (lttt.
1353 2821 1383 2855 r
1419 2820 1536 2857 cum
1565 2808 1654 2856 ltu.
1675 2841 1690 2865 ,

1733 2820 1836 2856 nou
1872 2809 2082 2856 mitiore
2105 2804 2325 2869 Trosstt)
2358 2807 2649 2869 eloquentia
2670 2804 2792 2868 (stc)
2821 2812 2871 2858 et
2894 2811 3019 2857 tem-

338 2892 537 2945 porum
571 2886 875 2929 nostrorum
909 2879 1138 2928 miratus
1172 2880 1345 2928 iratus
1393 2875 1506 2940 (sle)
1545 2877 1617 2935 Ρ.
1670 2878 1836 2937 poulo
1882 2882 2008 2926 ante
2052 2876 2214 2938 plane
2251 2880 2455 2928 mitiore
2489 2877 2777 2941 eloquentia
2811 2884 2861 2927 et
2897 2883 3020 2929 tem-

337 2964 539 3015 porum
572 2956 877 2999 nostrorum
911 2951 1134 2999 miratus
1170 2952 1341 2998 iratus
1378 2948 1437 2998 F.
1504 2948 1563 2995 V.
1603 2949 1790 2997 dixisti
1843 2961 1906 2997 «e
1944 2949 2173 3008 Quodam
2213 2947 2377 2998 libro»
2404 2944 2473 3007 (t)
2512 2950 2732 2998 luserult
2769 2947 3013 3009 Llpslusz

342 3027 525 3072 cetera
565 3019 896 3082 eltquateuus
934 3019 1161 3069 dimum
1193 3018 1470 3075 Schellusz
1508 3019 1651 3068 locus
1699 3026 2002 3069 ettamnunc
2038 3026 2339 3079 corruptus.
2397 3017 2625 3069 Praetutt
2664 3024 2841 3069 sutem
2879 3017 3020 3070 Doe-

342 3093 592 3142 derletntt
628 3093 799 3140 minus
836 3091 1010 3137 iratus
1049 3090 1241 3141 schem
1277 3102 1387 3139 non
1422 3091 1596 3139 iratus
1637 3090 1674 3136 B
1701 3088 1766 3137 Ι).
1807 3114 1869 3124 -
1910 3089 1963 3138 9.
2004 3088 2227 3155 offensus
2254 3089 2385 3151 Apri
2421 3088 2517 3138 illa
2553 3087 2821 3151 Stlllgiusz
2861 3088 3020 3155 offen·

340 3175 439 3212 sus
477 3176 514 3211 a
547 3163 724 3222 prima
763 3160 799 3209 Ρ
824 3159 896 3214 Β.
936 3160 1155 3224 offensus
1190 3160 1324 3220 Apro·
1358 3162 1531 3209 nosen·
1565 3160 1610 3207 1.
1650 3159 1732 3208 Fr.
1771 3158 2036 3208 Gronovto
2072 3165 2285 3210 auctore
2316 3159 2354 3207 Β
2382 3158 2457 3217 1),
2495 3157 2722 3221 offensus
2757 3160 2886 3220 Apri
2920 3160 3021 3209 mei

343 3230 770 3284 Schurzsselschlt
799 3242 1089 3290 rursusque
1110 3229 1461 3279 Doederletnn
1483 3231 1730 3291 susptelo.
1755 3253 1819 3265 —
1838 3230 2193 3292 disputatione
2215 3229 2255 3279 P
2281 3236 2334 3280 et
2357 3227 2493 3279 de.
2518 3237 2637 3279 ente
2658 3227 2832 3279 Belin
2863 3228 3021 3279 disce-

338 3305 590 3365 ptatione
628 3301 664 3349 F
691 3299 733 3348 B
759 3299 824 3348 1).
868 3322 923 3335 -
963 3313 1087 3348 nam
1124 3311 1217 3349 nec
1252 3300 1292 3349 F
1320 3300 1402 3347 D:
1440 3313 1566 3349 num
1599 3308 1648 3350 et
1684 3300 1725 3349 Ρ
1749 3336 1763 3355 ,
1803 3312 1899 3349 nec
1935 3297 2147 3360 (otntsso
2181 3298 2327 3360 nam)
2364 3298 2426 3349 B.
2468 3323 2533 3334 —
2572 3300 2655 3348 10.
2694 3305 3014 3361 prs-stringat

342 3375 428 3424 P=
468 3370 781 3435 persto-infit
816 3369 853 3417 1²
879 3368 957 3425 1),
991 3373 1312 3433 perstringet
1337 3368 1516 3431 Llpsto
1554 3376 1766 3421 auctore
1793 3370 1849 3418 B.
1890 3394 1947 3406 -
1990 3371 2074 3419 ¹2.
2113 3370 2417 3421 Maternus:
2453 3382 2568 3419 cum
2607 3370 2682 3420 Pa
2720 3369 3014 3421 Muses-nur.

343 3449 395 3495 et
433 3455 549 3492 cum
587 3441 624 3490 Β
651 3440 692 3490 Β
721 3440 783 3487 D.
817 3463 877 3475 -
915 3439 1002 3489 13.
1044 3440 1216 3491 Habet
1251 3453 1286 3488 a
1311 3452 1418 3502 qua
1445 3441 1513 3498 P.
1555 3453 1658 3489 non
1694 3453 1800 3505 qua
1823 3477 1836 3495 .
1877 3441 2069 3490 omisso
2103 3453 2167 3496 a.
2204 3441 2272 3501 Β,
2315 3439 2451 3489 Edd.
2480 3446 2604 3493 vett·
2638 3465 2694 3478 -
2742 3441 2822 3489 τὶ.
2874 3441 3014 3497 Tum,

343 3522 405 3566 ut
442 3513 502 3565 C.
545 3512 647 3569 15.
686 3511 774 3560 25.
799 3543 816 3569 .
854 3509 1049 3561 Tross=
1088 3512 1180 3575 qut
1216 3522 1478 3572 superscr.
1517 3515 1628 3559 tum
1664 3510 1735 3568 Ρ.
1769 3510 1879 3567 Bt,
1919 3517 1979 3560 ut
2015 3508 2075 3559 C.
2118 3512 2202 3560 16.
2227 3546 2242 3569 ,
2283 3510 2324 3560 Β
2349 3511 2414 3561 Ι).

341 3639 644 3694 secundum
698 3635 765 3686 ab
822 3635 1048 3699 lingone
1103 3625 1277 3687 tofum
1322 3637 1422 3687 stul
1475 3635 1643 3686 vind!-

345 3726 527 3773 οιαὶ.»
555 3713 789 3779 uus-u.)
842 3716 950 3780 Ego
977 3716 1100 3767 olim
1128 3719 1203 3767 ste
1230 3717 1607 3779 explicueram
1630 3727 1645 3762 z

346 3801 534 3852 «Adeo
586 3804 890 3857 arrogantes
945 3803 1069 3847 sunt
1113 3797 1407 3847 scholastlet
1445 3800 1642 3854 nostri.

346 3888 441 3939 ut.
505 3881 752 3940 antiquos
805 3882 1127 3926 oratores
1177 3889 1293 3926 cum
1350 3877 1646 3937 desptctent

347 3961 783 4019 recenttoresque
820 3956 1126 4006 rhetores
1183 3958 1242 4006 tls
1283 3961 1646 4018 anteponant.

348 4042 581 4103 quisque
630 4050 686 4088 se
742 4043 862 4086 ante
917 4034 1229 4087 Ciceronem
1281 4042 1524 4086 numeret
1572 4034 1645 4098 (ld

348 4125 466 4177 est.
516 4115 786 4167 meliorem
822 4127 880 4165 se
918 4118 1165 4176 optnetur
1201 4112 1509 4176 Cicerone).
1549 4118 1649 4165 mt-

349 4209 534 4249 norem
560 4196 830 4260 aliquanto
860 4194 1155 4247 Gabtntsno
1176 4229 1192 4256 ‚
1233 4208 1444 4259 prorsus
1471 4201 1646 4247 tamen

347 4280 475 4330 huic
512 4279 800 4328 victuum.»

394 4357 512 4414 ΛΠ.
571 4357 796 4418 Appon-e
832 4350 911 4419 tel
968 4353 1230 4415 «Aeclnge
1281 4360 1332 4406 te
1379 4354 1446 4404 sd
1483 4355 1648 4406 exsol-

348 4438 587 4488 vendum
623 4438 976 4497 promtssum,
1016 4434 1096 4485 vel
1134 4436 1340 4494 potlust
1395 4443 1647 4497 quonlam

347 4520 474 4566 sstts
512 4513 782 4579 praetatus
821 4527 913 4574 es,
964 4518 1218 4564 conttnuo
1257 4514 1483 4565 exsolve.
1548 4515 1649 4565 Eo-

349 4596 469 4646 dem
511 4607 670 4646 sensu
706 4595 921 4646 Terent.
972 4593 1111 4643 Eun.
1151 4592 1218 4651 3.
1269 4593 1332 4649 5.
1377 4593 1482 4644 352
1545 4594 1650 4644 Ad·

346 4674 534 4724 hortor
565 4677 865 4737 properent.
938 4672 1078 4722 Dum
1121 4678 1458 4734 apparatur.
1495 4672 1651 4737 oin-qo

347 4756 406 4803 tn
440 4754 686 4804 conclavi
720 4754 882 4804 sedet.
939 4753 1143 4814 Nempe
1183 4754 1499 4812 depreeatur
1536 4753 1649 4803 Ma·

349 4840 532 4885 ternus
555 4866 571 4892 ,
612 4846 679 4883 ne
715 4832 941 4884 Uessala
978 4831 1175 4893 dtgredl
1216 4830 1344 4881 veltt
1380 4832 1444 4882 ad
1485 4834 1649 4883 lnces·

1718 3636 1923 3696 Perit..
1963 3639 2137 3699 recept
2173 3649 2267 3697 pro
2302 3651 2382 3688 me
2404 3636 2674 3699 equidem.
2714 3641 2854 3701 quud
2890 3653 3014 3685 nm-

1719 3718 1846 3768 nutu
1874 3720 2064 3768 acriter
2090 3715 2382 3770 detendunt
2418 3717 2550 3767 duce
2577 3718 2730 3769 nand
2758 3721 2910 3765 Tura-
2946 3721 3014 3765 Η.

1720 3797 1918 3860 1:422.
1951 3822 2008 3834 -
2050 3794 2257 3861 dia-isti]
2297 3796 2357 3847 C.
2387 3797 2485 3847 1⁵:
2526 3811 2714 3848 causus
2754 3825 2766 3833 ·
2798 3825 2846 3857 -τ
2890 3813 3014 3861 *suna

1717 3889 1911 3926 meeum
1934 3878 2043 3939 ipse
2059 3877 2361 3941 plerumque
2381 3878 2657 3940 conquiro.
2692 3899 2755 3913 —
2792 3879 3020 3927 mutor-es

1719 3952 1859 4018 tuos]
1916 3964 2183 4008 «oratores
2232 3961 2481 4020 antiquos
2522 3956 2618 4006 ΗΜ
2660 3962 2760 4007 tem
2800 3958 3018 4019 plaeltos

1722 4042 1775 4086 et
1811 4043 2116 4096 acceptos.»
2183 4035 2501 4087 Referuntur
2537 4038 2668 4088 haec
2703 4037 2769 4086 ad
2812 4037 2871 4090 C.
2914 4038 3016 4088 25:

1719 4115 1827 4165 sive
1860 4114 1978 4164 illos
2014 4115 2258 4179 antiquos
2291 4117 2399 4165 sive
2431 4118 2661 4164 maiores
2684 4139 2705 4151 ·
2732 4141 2753 4152 ·
2777 4116 3018 4178 appellet.

1725 4220 1782 4232 —
1821 4192 2174 4258 perstrinqae]
2232 4195 2406 4258 «quod
2445 4208 2533 4246 vos
2570 4198 2743 4247 munus
2784 4208 3021 4258 compro-

1723 4274 1858 4325 betis
1883 4288 1933 4333 ς»
1997 4288 2170 4337 neque
2209 4278 2348 4326 enlm
2387 4288 2507 4326 cum
2545 4276 2736 4326 llesslo
2766 4277 3024 4339 perstrin-

1721 4366 1839 4420 ρον-ο
1879 4354 2176 4416 explicarlm
2216 4355 2433 4407 «leviter
2470 4362 2725 4418 atttngere
2752 4368 2802 4410 :s
2862 4358 3021 4405 lmmo

1725 4434 1864 4484 idem
1903 4433 2011 4484 fere
2049 4440 2128 4485 est
2159 4442 2317 4497 atque
2345 4437 2652 4490 «umere.-
2691 4435 2839 4484 culus
2864 4434 3024 4496 signi·

1726 4514 1983 4564 tieattouts
2016 4514 2217 4579 aliquot
2254 4514 2489 4576 exempla
2529 4527 2558 4566 e
2585 4513 2841 4566 Cicerone
2871 4526 3023 4575 prae·

1726 4592 1853 4643 bent
1905 4593 2111 4644 Lexlce.
2175 4594 2253 4643 Ac
2307 4593 2371 4646 de
2415 4607 2545 4644 sono
2600 4593 2829 4645 violento
2864 4598 3021 4645 ettam

1726 4673 1975 4722 Horatius
2026 4673 2085 4725 C.
2129 4673 2191 4732 2,
2238 4675 2302 4734 1,
2347 4674 2449 4724 172
2529 4674 2723 4723 minaci
2756 4683 3026 4721 murmure

1724 4765 1976 4807 cornuum
2012 4753 2328 4818 Perstrinyis
2363 4765 2535 4803 aures.
2579 4777 2636 4789 —
2700 4753 2840 4803 citra
2877 4750 3027 4799 dam·

1723 4845 1852 4881 num
1888 4829 2128 4898 affectus]
2187 4835 2290 4882 «tta
2327 4840 2387 4883 ut
2423 4832 2543 4882 ideo
2579 4837 2757 4882 mutua
2794 4830 3025 4881 benevo-

350 4912 544 4962 sendos
596 4913 676 4962 sul
735 4911 898 4961 secult
942 4918 1239 4966 ‘ou-atores.
1311 4910 1648 4976 deterretque
1728 4912 1884 4963 lentis
1938 4921 2100 4974 atque
2155 4913 2382 4962 emlettte
2431 4923 2770 4975 nequaquam
2823 4913 3026 4960 minue-

353 4990 510 5041 llomo
565 4995 707 5043 mttts
760 4999 946 5044 natura
1003 4995 1057 5040 et
1106 4990 1410 5041 moderatus
1459 4994 1652 5043 acerrl·
1727 4997 1867 5042 tur.»
1945 4992 2022 5044 ne
2072 4992 2172 5043 noc
2225 5006 2323 5043 usu
2371 5005 2419 5042 v.
2462 4994 2601 5042 σαι-α
2636 5004 2730 5055 pro
2765 4992 2877 5040 sine
2925 4989 3021 5041 ctr-

353 5081 498 5121 mum
558 5075 729 5123 strum
786 5085 817 5124 a
882 5068 1211 5131 pertculosse
1274 5069 1429 5131 pleno
1489 5084 1650 5133 opere
1728 5070 1883 5122 nand
1922 5071 2192 5123 Turs.11.
2234 5084 2285 5133 p.
2325 5070 2414 5123 8³.

261 5220 278 5241 .
354 5146 500 5203 aleae
529 5166 556 5198 s
572 5150 752 5202 noan.
773 5177 830 5191 -
853 5163 934 5202 me
952 5146 1177 5214 quidem]
1207 5148 1339 5202 Cum
1365 5150 1442 5202 stc
1460 5150 1653 5203 habeat

1799 5151 1889 5202 28.
1929 5157 2024 5204 out
2057 5176 2080 5188 -
2106 5174 2129 5187 ·
2162 5157 2260 5204 aut
2296 5175 2318 5189 ·
2351 5176 2374 5189 ·
2407 5146 2507 5217 uel]
2548 5148 2651 5201 cfr·
2682 5148 2837 5203 Hand
2857 5150 3018 5204 Turs-
