3725 5892
609 542 731 608 LIBER
754 542 795 607 11.
840 539 914 627 Cap.
941 541 970 607 1.
994 542 1026 605 2.

155 699 292 767 fortuita·
328 702 385 766 ubi
415 699 557 767 Corinthi
585 701 721 768 Achaiae
753 705 831 767 urbe
860 707 962 766 certos
991 700 1119 765 nuntios
1145 699 1267 784 accepit
1296 702 1335 765 de
1361 697 1492 766 interitu

156 812 291 889 Galbae,
313 821 346 880 et
365 817 495 880 aderaut
515 817 570 902 qui
585 836 672 881 arma
685 814 800 881 Vitellii
816 813 998 900 bellumque
1014 811 1223 890 affirmarent,
1246 812 1357 879 auxius
1372 812 1490 892 auimo,

155 927 265 1011 paucis
286 931 457 993 amicorum
480 929 645 1006 adhibitis,
668 937 779 994 cuncta
799 928 946 1015 utrinque
967 928 1145 1014 perlustrat.
1168 928 1194 992 si
1215 933 1363 1015 pergeret
1383 925 1416 992 in
1438 948 1494 993 ur·

154 1043 248 1117 bem,
279 1040 396 1107 nullam
417 1039 512 1107 oiiicii
533 1045 663 1127 gratiam
684 1045 717 1108 in
739 1042 864 1109 alterius
885 1046 1039 1107 honorem
1061 1043 1219 1125 suscepti3
1253 1060 1290 1106 ac
1311 1062 1345 1106 se
1365 1038 1492 1106 Vitellio

154 1155 221 1219 aire
243 1155 361 1221 Othoni
383 1152 525 1221 obsidem
545 1154 623 1226 iore.
644 1155 693 1221 sin
707 1155 840 1234 rediret,
864 1153 1015 1222 offensam
1030 1154 1113 1221 haud
1128 1152 1255 1220 dubiam
1268 1155 1413 1230 victoris,
1436 1155 1516 1220 sedi

155 1269 279 1334 incerta
310 1271 411 1339 adhuc
437 1272 623 1336 victoriaci
647 1272 839 1336 concedente
867 1271 900 1334 iu
926 1276 1030 1352 partes
1058 1277 1147 1356 patre
1174 1267 1272 1335 lilium
1299 1275 1492 1334 excusatum.

154 1386 202 1447 aio
224 1384 434 1468 Vespasianus
464 1403 531 1448 rem
559 1382 717 1469 publicam
743 1385 932 1468 susciperet,
969 1380 1217 1449 obliviscendum
1240 1383 1432 1450 offensarum
1454 1379 1494 1448 de

155 1493 243 1562 bello
263 1497 461 1579 agitantibus.
504 1498 552 1578 (2)
574 1498 622 1562 bis
643 1517 680 1562 ac
700 1495 814 1563 talibus
834 1499 916 1562 inter
937 1516 1026 1583 spem
1050 1504 1233 1582 metumque
1254 1495 1401 1562 iactatum
1423 1516 1495 1584 spes

155 1607 245 1674 vicit.
267 1610 356 1675 suere
378 1613 432 1695 qui
453 1630 619 1675 accensum
641 1608 800 1675 desiderio
813 1609 982 1675 Berenices
1000 1612 1128 1696 reginae
1150 1612 1280 1677 vertisse
1301 1611 1364 1677 iter
1385 1607 1496 1676 crede-

155 1730 237 1788 rent
272 1743 376 1811 neque
397 1720 589 1789 abhorrebat
609 1743 627 1788 a
648 1722 800 1789 Berenice
820 1722 967 1789 iuvenilis
988 1724 1125 1791 animus:
1155 1726 1210 1790 sed
1232 1722 1379 1809 gerendis
1400 1725 1496 1789 rebus
1506 1719 1533 1774 ¹⁴⁶

155 1834 279 1902 nullum
294 1859 336 1902 ea
351 1856 390 1902 eo
406 1838 675 1924 impedimentum.
698 1835 813 1902 laetam
834 1838 1047 1923 voluptatibus
1071 1837 1314 1904 adolescentiam
1335 1837 1416 1924 egit,
1439 1857 1497 1903 suo

156 1970 254 2034 quam
283 1949 378 2034 patris
405 1951 539 2034 imperio
567 1948 753 2016 modestior.
792 1951 890 2036 igitur
916 1971 1005 2017 orum
1026 1950 1161 2018 Achaiae
1183 1958 1215 2017 et
1235 1950 1328 2017 Asiae
1350 1972 1386 2016 ac
1407 1952 1500 2020 laeva

157 2064 255 2127 maris
277 2070 480 2150 praevectus,
503 2062 646 2129 ilbodum
669 2071 700 2128 ci
717 2064 853 2150 Cyprum
876 2063 1011 2141 insulas,
1034 2063 1107 2129 inde
1124 2066 1246 2153 Syriam
1260 2063 1499 2133 audentioribus

156 2178 267 2264 spatiis
288 2173 425 2261 petebat.
464 2184 557 2264 atque
583 2176 672 2242 illum
696 2174 812 2260 cupido
833 2177 963 2242 incessit
983 2176 1120 2243 adeundi
1140 2176 1324 2266 visendique
1346 2181 1499 2264 templum

156 2288 295 2372 Paphiae
317 2288 467 2367 Veneris,
490 2289 631 2356 inclitum
652 2310 711 2376 per
731 2289 893 2375 indigenas
914 2293 1128 2378 advenasque.
1152 2295 1236 2358 haud
1254 2290 1351 2358 suerit
1370 2291 1538 2378 inagnum

157 2400 247 2467 initia
267 2401 444 2488 religionis,
467 2402 575 2487 templi
596 2404 709 2480 ritum,
737 2400 871 2471 formam
893 2401 970 2470 deae
992 2407 1110 2491 (neque
1132 2407 1216 2471 enim
1237 2406 1315 2472 alibi
1336 2407 1381 2472 sic
1403 2406 1500 2472 habe-

231 2605 256 2655 1.
276 2601 387 2666 {ortano
405 2618 437 2660 a,
456 2602 473 2653 b
491 2617 551 2655 curn
570 2607 674 2656 ceteris.
711 2602 831 2658 Correxit
849 2605 957 2660 Grotius
976 2613 1003 2660 et
1019 2608 1227 2661 Freinshemius.
1247 2633 1280 2648 -
1301 2607 1328 2659 3.
1346 2610 1370 2660 ai
1387 2604 1425 2671 (in
1442 2621 1501 2663 var·

157 2687 202 2726 aua
223 2673 286 2736 itae)
303 2676 332 2724 in
349 2687 374 2724 a.
398 2700 426 2712 -
447 2674 473 2726 5.
493 2670 549 2738 aad]
568 2683 592 2725 et
611 2689 641 2735 a,
663 2675 679 2724 b
698 2688 759 2728 cum
779 2681 884 2729 cetaria.
903 2676 1023 2731 Correxit
1042 2679 1196 2733 iiheoanua.
1217 2703 1248 2717 -
1280 2679 1306 2730 3.
1327 2680 1456 2731 incertoaa
1473 2693 1500 2742 a,

158 2743 185 2794 te.
209 2769 238 2782 -
259 2746 370 2794 uictoria
387 2757 418 2802 a,
439 2745 465 2795 b.
483 2769 513 2782 -
531 2747 638 2808 patrius
656 2759 686 2802 a,
703 2747 729 2798 b.
743 2770 776 2785 -
794 2746 821 2797 ’1.
843 2747 949 2801 ilibant
967 2751 1127 2816 offensorum
1145 2765 1178 2813 a,
1197 2749 1232 2811 b,
1253 2761 1305 2801 nou
1324 2751 1500 2815 infensorum,

159 2813 250 2867 tincti.
273 2815 343 2865 itari.
363 2814 439 2868 bodi.
458 2816 511 2868 ica.
531 2815 600 2865 liud.
622 2816 723 2866 Puteol.
736 2842 768 2854 -
787 2816 813 2867 3.
827 2831 898 2880 wem
916 2827 941 2871 et
958 2828 1105 2884 metamque
1118 2834 1143 2872 a.
1160 2844 1188 2855 -
1208 2819 1236 2870 3.
1254 2821 1361 2886 {emunt
1379 2834 1410 2882 a,
1430 2821 1457 2871 b.
1472 2844 1500 2858 -

158 2885 184 2937 3.
205 2886 339 2937 διιοιιίιιι
356 2901 389 2946 ι,
409 2888 437 2938 Ιι.
466 2911 496 2925 -
528 2888 571 2936 10.
591 2887 710 2937 beronice
728 2900 758 2949 a,
779 2887 805 2938 b.
837 2889 951 2942 tintartt
970 2890 1086 2954 Lipsius.
1114 2915 1146 2928 -
1175 2890 1219 2942 ia.
1238 2892 1453 2952 moderatiora,
1473 2890 1501 2943 b.

157 2957 222 3022 dar.
236 2955 368 3010 Waitlaar.
387 2956 422 3009 iit
432 2969 496 3019 noa,
510 2956 596 3010 duait·
610 2958 681 3021 Spir-
693 2958 797 3011 Puteol.
811 2982 843 2996 -
864 2959 907 3013 td.
921 2961 1001 3012 ιιιιιιιι
1013 2961 1051 3016 ti.
1080 2959 1200 3015 Correxit
1210 2960 1318 3016 Dureau
1332 2962 1365 3014 da
1375 2962 1500 3017 Lamalle.

159 3140 207 3194 aad
226 3140 320 3205 Paphii
348 3142 447 3194 oraculi
472 3156 629 3207 reaponsum
655 3146 679 3196 ei
707 3143 812 3197 demum
850 3143 894 3193 cet
910 3145 990 3196 etiam
1005 3145 1117 3208 nuptias
1137 3145 1271 3208 pollinem
1295 3145 1441 3210 {uehotun
1461 3172 1475 3185 ·
1489 3171 1504 3185 ·

160 3227 187 3273 ira
202 3226 353 3274 sereniore
367 3224 399 3274 ad
420 3232 520 3288 patrem
534 3227 624 3277 datum
642 3237 720 3276 nemo
734 3236 812 3275 noaaa
850 3221 992 3275 ieonum
1008 3225 1099 3275 atatim
1118 3224 1152 3276 ob
1169 3225 1233 3276 erbe
1257 3226 1359 3278 dimisit
1383 3224 1430 3291 (ob
1457 3240 1504 3290 po·

160 3310 266 3366 peterat
283 3310 350 3364 tum,
371 3317 432 3357 com
452 3309 509 3357 eius
528 3307 656 3358 adrentus
674 3307 701 3356 Ιιι
720 3306 812 3356 orbern
851 3303 905 3363 puli
925 3300 1165 3369 indignationem),
1182 3305 1284 3356 incitata
1301 3306 1424 3359 inodora.
1452 3307 1504 3361 Dio

160 3384 373 3445 exspectabatur.
395 3409 424 3424 -
444 3382 569 3450 fortuito]
599 3398 730 3450 equorum
761 3385 813 3435 alio
850 3383 894 3443 do,
915 3384 957 3435 15.
979 3384 1083 3446 ioseph.
1109 3384 1142 3434 Α.
1163 3384 1185 3434 1.
1206 3383 1249 3446 13,
1268 3385 1295 3444 5,
1314 3385 1342 3437 i.
1364 3386 1408 3449 13,
1428 3388 1455 3447 5,
1474 3389 1501 3440 1.

161 3469 281 3526 tenpore
300 3478 379 3516 nemo
404 3468 532 3518 rationem
557 3473 603 3519 aut
621 3480 711 3517 euram
732 3465 813 3515 babu-
850 3463 894 3523 2⁰,
912 3463 941 3524 ’1,
961 3461 988 3512 3.
1007 3462 1078 3515 dett.
1099 3461 1168 3528 app.
1189 3464 1241 3525 25,
1266 3463 1310 3516 13.
1329 3466 1373 3517 23.
1392 3466 1437 3527 td,
1456 3467 1501 3520 30.

161 3548 235 3604 taret,
253 3551 318 3598 tune
332 3558 378 3608 pro
392 3546 523 3597 ominibus
538 3546 762 3609 accipiebantur.»
782 3570 810 3581 -
850 3568 882 3579 -
900 3541 1051 3608 modestior]
1076 3546 1111 3595 ita
1124 3549 1150 3595 tu
1165 3545 1215 3595 boc
1227 3544 1398 3607 iocoproraua
1408 3547 1502 3611 dubio,

162 3623 332 3690 effusorem]
354 3639 423 3678 anon
443 3627 610 3691 cogitandum
630 3640 687 3679 esse
715 3623 748 3677 de
776 3623 813 3674 oi·
850 3623 895 3674 ubl
916 3624 1033 3674 destituti
1052 3624 1501 3687 sumusiiadteaouutcasiaearo,

161 3706 261 3766 ieonis,
291 3720 335 3758 ιιι
363 3719 469 3770 prorsus
498 3707 665 3771 negligendas
686 3719 741 3758 esse
770 3706 811 3763 lta,
850 3703 978 3764 praebent
996 3702 1084 3755 Gueli.
1106 3703 1176 3768 spir·
1196 3704 1502 3769 Egouuoquaproita·

162 3791 207 3851 out
226 3788 260 3839 ab
279 3790 336 3850 ipso
356 3786 441 3849 betto,
466 3787 542 3852 louge
567 3790 677 3840 maxima
702 3787 811 3846 odeasa,
849 3784 934 3835 torum
966 3783 1120 3847 glossemata
1159 3783 1245 3837 habeo
1288 3784 1503 3843 Florentinorum

162 3879 215 3919 aon
235 3867 466 3920 abhorrebunt.»
849 3877 875 3924 ι,
890 3864 916 3926 b,
937 3872 963 3916 et
974 3865 1036 3929 dgr.
1050 3863 1222 3915 moderatior.
1236 3863 1278 3915 dd
1291 3879 1346 3918 rem
1361 3865 1409 3919 cir.
1424 3868 1501 3923 Suet.

195 3949 224 3999 2
263 3949 392 3999 tannim
423 3962 480 4012 epea
512 3943 594 4012 uicit]
630 3947 705 4001 Adeo
729 3949 814 3999 haesit
849 3944 903 3994 Tit.
922 3943 950 3992 1.
969 3942 996 3994 ’1.
1021 3942 1070 3994 llio
1096 3943 1147 4005 dd,
1176 3942 1218 3996 13.
1242 3967 1270 3981 -
1299 3944 1376 3998 1ιιιυιι
1400 3944 1502 4014 moria]

163 4031 190 4080 ta
217 4029 257 4081 ite
285 4029 438 4090 limenius,
473 4034 503 4081 ut
533 4035 707 4092 proponeret,
738 4026 814 4079 dubt-
850 4025 907 4076 loca
935 4023 1036 4089 synam
1056 4023 1183 4075 Corintho
1211 4026 1364 4086 petentibus
1392 4028 1425 4079 ad
1450 4029 1505 4082 iaa-

164 4115 249 4159 taater
267 4114 372 4160 tamena
399 4110 517 4160 iactatur
542 4108 582 4161 rel
607 4111 732 4161 iactatae.
751 4107 814 4170 spes
849 4117 908 4157 rem
927 4107 987 4155 atta.
1013 4103 1118 4157 Durare.
1141 4128 1174 4140 -
1196 4101 1368 4170 praeuectus]
1385 4116 1504 4169 proeter-

163 4189 236 4238 oieit.
257 4187 409 4240 Sedmodo
429 4201 510 4252 propa
530 4191 635 4250 poetico
657 4190 814 4239 dictumest
849 4191 937 4236 oesiam
971 4183 1041 4235 liud.
1078 4184 1140 4247 Agr.
1167 4180 1272 4235 Puieoi.
1300 4196 1331 4238 ex
1363 4199 1436 4239 maro
1463 4191 1503 4241 eat

166 4281 229 4331 pre:
247 4270 320 4319 inter
337 4280 409 4331 apem
425 4273 573 4333 metumque
588 4284 646 4319 cum
656 4271 813 4325 luctaretur,
850 4263 926 4329 glosa.
947 4263 1001 4315 Cir.
1020 4264 1090 4316 dnn.
1115 4264 1143 4324 3,
1171 4263 1204 4313 d:
1234 4259 1404 4318 Germaniam
1423 4282 1502 4332 proe-

166 4348 271 4398 tandeaa
287 4349 319 4397 io
337 4349 392 4397 eiua
409 4349 499 4398 animo
517 4360 575 4412 epea
592 4349 666 4398 eicit.
686 4372 719 4382 -
736 4346 815 4397 Bere-
850 4345 962 4395 cabitur.
982 4344 1051 4395 iiist.
1070 4342 1097 4405 i,
1115 4342 1166 4392 rt:
1186 4342 1248 4392 daem
1258 4343 1371 4394 micitia
1387 4347 1502 4398 tereiana

166 4424 243 4492 aius}
264 4439 332 4490 cuae
351 4427 526 4493 pulcherrima
539 4428 589 4478 tuit
611 4428 747 4490 proneptis
762 4424 815 4477 iia·
847 4425 1054 4488 praecelluntur.
1071 4445 1099 4459 -
1115 4421 1316 4473 audentioribus
1332 4422 1438 4490 epuiis]
1456 4426 1501 4480 Ni·

166 4507 342 4572 miiaiiagnt,
362 4508 604 4570 nepusaustotuti
624 4514 650 4559 st
662 4506 814 4565 Berenices,
851 4507 945 4556 mirum
964 4507 991 4554 tn
1010 4503 1075 4554 mari
1093 4507 1184 4564 aperto
1203 4503 1347 4566 navigans,
1366 4515 1434 4568 quaa
1454 4519 1502 4558 au·

167 4587 217 4639 itta
236 4586 369 4653 Agrippae
387 4591 504 4647 matoria,
522 4601 596 4639 soror
613 4587 725 4644 hierita,
747 4584 815 4635 bru·
852 4584 925 4637 decia
950 4596 1006 4634 ease
1032 4581 1172 4634 ridebatur
1187 4582 1348 4648 frantione,
1374 4596 1445 4635 oram
1469 4591 1502 4637 ut

167 4668 238 4719 attiae
256 4670 285 4720 at
301 4669 434 4733 Agrippae
451 4669 576 4727 minoris,
599 4667 682 4718 ultimi
704 4665 815 4716 iudaeo·
851 4664 993 4726 plurimum
1011 4661 1169 4726 legentibus.
1197 4659 1304 4714 boran.
1338 4661 1388 4713 iitc
1415 4675 1500 4729 propa

168 4759 224 4797 ram
241 4749 320 4813 regia,
340 4749 432 4799 incesti
451 4760 509 4799 curn
525 4746 602 4800 tratre
622 4747 752 4797 commissi
770 4759 814 4797 au·
851 4744 954 4809 poetice
972 4742 1098 4805 loquitur,
1117 4747 1254 4805 utereris,
1274 4741 1440 4805 aequantia
1459 4756 1502 4796 re·

167 4833 265 4889 ιιιιιι,
276 4836 360 4892 napta
373 4829 486 4892 pumum
499 4827 599 4880 Herodi
614 4833 717 4889 patruo,
738 4823 814 4876 Chal·
851 4822 981 4888 prehendi
999 4827 1045 4873 aut
1066 4822 1162 4873 mutari
1181 4820 1294 4883 debeat,
1327 4823 1501 4886 quemadmo-

169 4906 231 4958 etite
248 4911 314 4973 regi,
333 4907 431 4959 deiude
449 4906 585 4958 Polemoni
598 4906 647 4966 ii..
667 4908 720 4971 regi
733 4903 813 4956 Ponti
851 4907 914 4956 dum
930 4904 1016 4954 itiiter
1034 4901 1138 4955 rotabat
1154 4900 1368 4966 potentioriiaar
1392 4906 1501 4976 κυρίως

170 4991 196 5035 et
214 4985 339 5046 ciliciae,
367 4993 451 5039 amata
468 5000 484 5038 a
501 4985 562 5037 Tito
582 4985 710 5041 Caesare,
737 4986 813 5036 cuius
851 4984 919 5035 inu.
940 4983 968 5040 3,
985 4981 1039 5032 78:
1060 4981 1197 5032 lotomori
1207 4991 1316 5045 perpera
1333 4981 1364 5030 in
1379 4980 1499 5054 §priona2

171 5076 245 5117 saraa
263 5067 303 5117 bia
321 5066 432 5118 Romam
449 5069 531 5118 reoli.
552 5064 607 5116 Cir.
626 5066 653 5127 2,
672 5066 716 5117 81.
737 5064 812 5117 Suet.
851 5088 883 5101 -
895 5061 1021 5125 Paphios]
1033 5060 1150 5124 Pephua,
1169 5060 1231 5112 urbs
1244 5058 1321 5125 Cypri
1334 5060 1446 5115 insulta·
1466 5089 1497 5103 -

170 5144 222 5194 Tit.
241 5146 275 5198 'it
293 5152 415 5212 anapesto
427 5150 485 5198 arnt
498 5145 553 5196 rut
564 5143 656 5207 iibido,
752 5156 814 5208 pro·
849 5143 1015 5208 nequeenim
1033 5140 1097 5192 otiti
1114 5141 1151 5190 ric
1168 5134 1290 5206 dotetur]
1308 5139 1374 5196 dete
1391 5142 1501 5200 emata-

171 5229 228 5289 pter
247 5227 377 5295 tadonem
394 5228 500 5294 reginae
517 5224 652 5280 Βιιιιιιιιι
679 5236 813 5290 ommam,
851 5234 924 5276 erum
940 5229 967 5276 ιι
983 5219 1076 5276 torma.
1094 5218 1169 5276 Bau.
