3725 5892
578 485 782 556 extulistis
803 488 844 555 11.
868 491 924 556 111.
947 490 1002 558 lv.
1025 492 1063 556 V.
1084 488 1140 557 vl.
1465 493 1527 557 89⁷

191 664 235 721 pes
263 647 487 718 intercipere
509 663 589 716 socr,
618 649 676 705 und
701 651 833 708 renosco
852 648 1040 724 blissdeutuop
1064 652 1148 708 disses
1176 647 1291 711 Verbera
1317 665 1381 707 sum
1405 646 1529 709 lrrtttrsm

192 736 238 792 des
258 733 427 790 Historilssrs
447 732 546 790 Astuss
564 733 678 806 qsqebso
695 735 807 792 tubes?

268 818 370 877 Cetera
388 820 504 891 omnia,
525 835 591 877 cum
610 820 668 877 sint
686 837 778 895 aeque
797 821 906 880 incerta
925 825 1013 896 atquc
1032 822 1228 882 tautummodo
1241 822 1419 896 opinabilia,
1438 822 1529 882 silen-

195 906 233 962 tio
253 906 479 979 praetermittere
498 906 589 964 satius
608 906 753 964 duximus.

574 1171 779 1239 Excuustls
801 1174 839 1237 V.
875 1176 929 1237 ab
954 1172 1039 1239 cla.
1062 1175 1150 1239 XIX.

193 1295 241 1361 Es
263 1295 296 1360 S.
320 1295 522 1362 BONlFlCll
541 1296 682 1382 Epistola
702 1296 830 1360 Lxxll.
853 1293 891 1360 ad
914 1297 1175 1362 llTllIBtLDUbl
1195 1316 1305 1381 regem
1326 1299 1526 1366 blerciorum.

356 1387 414 1455 nd.
438 1393 663 1457 Wiruurwurro.
706 1388 896 1474 Mogontiaci
915 1391 1202 1457 mccclxxxlx.
1225 1411 1258 1478 p.
1284 1395 1356 1458 191.

271 1524 335 1583 Nou
354 1523 446 1581 solum
467 1538 485 1580 c
504 1521 676 1580 Christianis
699 1523 750 1579 sed
777 1522 864 1580 etiam
890 1522 926 1579 ab
954 1523 1024 1595 ipsis
1045 1524 1167 1597 paganis
1186 1525 1358 1583 adulterium
1377 1527 1408 1583 iu
1426 1543 1530 1601 oppro·
1639 1584 1645 1595 ,
1667 1530 1672 1541 “

195 1609 287 1668 brium
318 1612 347 1666 et
373 1609 578 1666 uerecundiam
603 1610 774 1681 deputatur,
804 1608 871 1680 quin
899 1609 955 1681 ipsi
980 1612 1086 1682 pagani
1112 1625 1213 1667 uerum
1232 1612 1316 1669 duum
1341 1612 1529 1686 ignorantes,

195 1696 383 1766 naturaiiter,
416 1711 489 1770 quae
510 1695 582 1766 legis
600 1697 685 1766 suut,
719 1698 748 1751 et
766 1694 841 1766 quod
862 1694 899 1751 ab
919 1695 1000 1752 initio
1025 1697 1096 1753 deus
1121 1697 1288 1769 coustituit,
1318 1700 1483 1756 custodiunt
1500 1702 1531 1758 in
1570 1738 1575 1747 ·

195 1780 250 1838 bac
268 1797 319 1838 rec
352 1781 419 1855 quia
447 1782 570 1854 propriis
599 1779 736 1837 uxoribus
766 1781 938 1843 matrimonii
968 1783 1086 1839 loedera
1113 1786 1263 1840 servantes
1289 1784 1477 1843 tornicatorea
1502 1792 1532 1844 et

195 1868 342 1925 adulteros
360 1866 493 1940 puniunt.
531 1867 603 1924 Nam
622 1867 653 1922 in
672 1866 790 1939 antique
809 1866 936 1923 Saxouia
950 1865 993 1940 ¹),
1014 1866 1039 1924 si
1059 1868 1139 1939 virgo
1160 1871 1309 1940 paternam
1330 1870 1447 1929 domum
1466 1888 1532 1930 cum

195 1954 336 2011 adulterio
354 1953 563 2023 maculaverit,
592 1952 747 2025 aliquando
774 1956 879 2025 cogunt
903 1968 967 2009 eam
993 1954 1109 2025 propriu
1134 1969 1220 2011 mauu
1240 1970 1293 2026 per
1312 1957 1448 2029 laqueum
1467 1976 1532 2018 sus·

195 2053 316 2111 pensam
342 2038 430 2097 ultam
455 2038 538 2095 finire
558 2042 587 2095 et
606 2054 693 2110 super
718 2037 833 2095 bustum
859 2038 939 2095 illius
958 2038 1096 2096 incensae
1115 2043 1145 2097 et
1164 2046 1364 2098 concrematae
1384 2049 1534 2121 corrupto·

196 2142 257 2183 rem
277 2125 339 2182 eius
358 2126 555 2198 suspendunt:
576 2123 748 2198 aliquando,
770 2128 940 2195 congregato
960 2124 1088 2181 exercitu
1108 2126 1251 2193 leminso,
1274 2127 1448 2198 flagellatam
1465 2148 1533 2191 um

196 2212 332 2270 mutieres
360 2226 414 2283 per
440 2225 530 2283 pagos
558 2210 780 2284 circumquaque
809 2210 936 2281 ducunt,
970 2210 1057 2281 virgis
1085 2212 1242 2270 caedentes
1267 2217 1296 2270 et
1314 2216 1485 2275 vestimenta
1505 2220 1533 2275 el

197 2297 400 2356 abscindentes
425 2294 505 2352 iuxta
529 2296 692 2366 cingulum,
725 2299 755 2351 et
782 2295 907 2352 cultellis
932 2295 993 2352 suis
1018 2298 1108 2353 totum
1133 2312 1237 2369 corpus
1262 2298 1325 2355 eius
1351 2307 1484 2360 secantes
1504 2308 1534 2363 et

197 2387 379 2457 pungentes,
418 2382 535 2439 minutis
554 2382 721 2440 uulneribus
750 2383 929 2438 cruentatam
959 2384 989 2438 et
1019 2382 1173 2439 laceratam
1202 2384 1239 2440 de
1267 2383 1338 2443 villa
1367 2388 1403 2443 ad
1434 2391 1533 2448 villam

196 2470 330 2540 mittunt,
363 2471 392 2526 et
419 2470 572 2544 occurrunt
596 2482 711 2540 semper
737 2482 829 2523 norae
855 2466 1077 2538 flagellatrices,
1110 2469 1174 2525 zelo
1198 2468 1354 2541 pudicitiae
1379 2475 1532 2548 adductae,

198 2555 357 2629 usquedum
387 2569 452 2611 eam
480 2557 528 2609 aut
553 2558 692 2610 mortuam
713 2556 761 2608 aut
781 2554 829 2609 ris
848 2554 943 2610 viram
965 2554 1186 2626 derelinquunt,
1220 2559 1250 2611 ut
1268 2562 1383 2616 ceterae
1403 2563 1534 2621 timorem

198 2640 377 2699 adulterandi
398 2644 427 2697 et
446 2640 609 2696 luxuriandi
631 2638 777 2704 babeant;
806 2640 836 2695 et
854 2638 991 2709 Winedi,
1012 2640 1088 2713 quod
1109 2643 1154 2697 est
1173 2641 1371 2702 loedissimum
1389 2649 1418 2703 et
1437 2649 1535 2706 dotcr-

198 2728 301 2784 rimum
320 2742 410 2798 genus
430 2724 598 2795 bominum,
631 2728 688 2781 tam
708 2738 812 2794 magno
831 2724 894 2781 zelo
914 2725 1088 2782 matrimonii
1109 2741 1236 2783 amorem
1255 2733 1387 2788 mutuum
1406 2741 1534 2804 servant,

199 2816 230 2869 ut
248 2814 371 2884 mulier,
392 2812 453 2869 uiro
472 2811 588 2884 proprio
608 2813 739 2879 mortuo,
761 2810 859 2866 vivere
878 2816 1010 2877 recusel;
1031 2815 1060 2867 et
1079 2811 1234 2870 laudabilis
1255 2816 1359 2872 mulier
1376 2818 1451 2876 iuter
1469 2820 1535 2877 illas

199 2914 263 2956 esse
283 2900 444 2968 iudicatur,
466 2912 541 2969 quae
559 2896 676 2971 propria
694 2910 781 2954 mauu
800 2896 855 2953 sibi
874 2899 996 2954 mortem
1015 2896 1128 2968 intulit,
1155 2901 1186 2955 ut
1203 2898 1233 2955 iu
1254 2915 1311 2958 una
1330 2904 1409 2961 strue
1428 2906 1537 2978 pariter

199 2987 300 3044 ardeat
318 3001 383 3043 cum
401 2985 464 3044 viro
483 2999 545 3042 suo.

576 3229 781 3296 EXCURSUS
802 3229 855 3293 Vl.
893 3231 947 3293 Al)
971 3229 1057 3296 CAP.
1080 3230 1176 3296 XLll.

276 3346 349 3406 Cum
367 3343 508 3417 imprimis
533 3342 657 3400 dilbeills
677 3345 763 3416 etque
781 3342 919 3399 obscurus
938 3341 975 3398 sit
993 3341 1040 3399 bic
1060 3344 1140 3401 loeus
1161 3345 1197 3402 de
1216 3342 1295 3403 liciis
1313 3348 1441 3418 pulsisa
1459 3349 1536 3409 itar-

203 3434 348 3503 comauis,
370 3432 597 3490 cousentaneum
616 3428 739 3485 iudicari
758 3428 888 3485 inserere
908 3428 945 3484 de
964 3443 999 3484 eo
1012 3428 1123 3491 Zeussii
1142 3433 1173 3487 et
1196 3428 1295 3489 Ukerti
1315 3433 1533 3507 disputationes.

278 3533 537 3598 Marcomanni.
577 3531 724 3590 lembulo
753 3533 799 3589 des
820 3536 946 3588 uermes
974 3530 1165 3606 Hdbsusepes,
1205 3536 1245 3591 iss
1263 3534 1370 3593 ilicis·
1393 3542 1451 3596 uad
1470 3540 1538 3598 litt.

202 3625 361 3693 otertcsde,
392 3623 483 3678 buttes
500 3622 570 3676 eiust
588 3618 712 3675 tettiscbs
733 3616 829 3675 Vottsr
851 3619 985 3690 qesoobut.
1025 3617 1073 3676 tls
1093 3616 1196 3676 ducem
1215 3637 1254 3677 css
1276 3623 1328 3679 deu
1350 3623 1438 3681 ltbcis
1461 3627 1535 3691 tum,

203 3714 278 3769 torte
295 3728 325 3766 er
342 3725 395 3766 oon
414 3709 500 3765 duem
518 3706 703 3779 succinere,
726 3702 787 3760 120
805 3704 1015 3776 qsoproptsisclss
1027 3704 1129 3762 llctlso
1148 3708 1359 3779 cusqsdstson,
1382 3713 1538 3768 metes-

202 3800 290 3855 teerca
303 3793 471 3854 amusos
488 3794 537 3849 der
559 3789 712 3848 Genaunes
733 3792 788 3860 cus
804 3791 891 3846 dieser
912 3787 1001 3846 Seite.-
1032 3791 1148 3863 publice
1169 3792 1326 3851 maximum
1347 3797 1449 3864 putaui
1471 3811 1537 3853 esse

201 3885 335 3953 laudem,
357 3896 441 3953 quam
453 3879 592 3936 latissime
607 3892 624 3933 a
637 3876 696 3933 suis
716 3875 822 3932 dnlbus
835 3890 939 3933 vacere
957 3889 1063 3946 aqros:
1084 3875 1139 3933 bac
1157 3891 1191 3934 re
1210 3877 1381 3950 significari,
1402 3896 1539 3951 magnum

203 3984 354 4027 numerum
385 3966 540 4023 civitatium
564 3978 646 4020 suum
669 3962 728 4019 vim
756 3961 899 4018 sustinere
922 3975 981 4018 nou
1004 3976 1101 4033 posse.
1150 3963 1251 4036 ltaque
1274 3979 1331 4021 uus
1354 3980 1391 4022 ex
1415 3970 1497 4038 parto
1521 3982 1539 4025 a

204 4056 307 4113 Sucris
330 4052 444 4110 circiter
469 4051 547 4108 milia
568 4063 704 4122 passuum
727 4046 787 4105 DC.
812 4047 874 4118 agri
895 4061 998 4103 vacare
1021 4047 1166 4105 dicuutur.
1211 4049 1257 4107 Ad
1281 4050 1403 4109 ulturum
1427 4054 1537 4123 partem

203 4140 361 4199 succedunt
382 4135 457 4196 Ubii.
487 4137 520 4193 B.
544 4133 621 4192 Gall.
647 4132 685 4201 t,
708 4131 736 4189 3.
782 4131 823 4187 Er
843 4132 923 4186 toust
948 4132 1024 4187 tsine
1042 4131 1179 4190 Helueticr
1199 4137 1258 4192 uad
1280 4134 1367 4207 Rojes
1394 4138 1471 4193 mebr
1498 4139 1539 4192 iss

203 4226 314 4285 Norden
331 4226 380 4281 der
394 4223 512 4292 Dorsuo,
531 4237 586 4278 sur
597 4220 705 4275 Volcae
719 4220 893 4287 Tectosages
913 4217 956 4272 ute
968 4214 1123 4276 ¹lssscoltusr
1141 4221 1186 4277 dcs
1206 4221 1401 4294 bntpsdctcu
1418 4221 1537 4279 Wutdcs.

204 4314 257 4372 liis
269 4309 421 4369 Germanou
434 4310 560 4380 tdmpses
577 4308 628 4362 mit
647 4306 699 4361 des
710 4303 866 4360 Heluets'em
879 4319 926 4358 um
939 4300 1091 4360 comesos
1098 4324 1108 4371 ,·
1129 4305 1256 4364 Helvetii
1275 4309 1459 4364 continentur
1480 4321 1539 4364 uua

205 4400 340 4470 exparte
361 4394 478 4451 ssumlnu
497 4392 617 4462 llbeno,
639 4392 687 4465 qui
708 4405 810 4460 ugrum
823 4387 989 4445 Helvetium
1010 4388 1193 4448 aGermeuis
1211 4393 1325 4452 dividit.
1344 4392 1379 4450 B.
1400 4391 1435 4450 G.
1453 4392 1487 4463 1,
1508 4392 1538 4448 2.

206 4483 332 4543 Helvetii
352 4482 411 4537 tere
430 4478 603 4551 quotidianis
623 4476 742 4549 proeliis
756 4490 822 4533 cum
835 4473 988 4532 Germanis
1001 4478 1197 4548 contendunt,
1218 4494 1284 4536 cum
1297 4481 1346 4536 sut
1358 4478 1419 4534 suis
1433 4477 1541 4535 llnibus

206 4586 257 4628 eos
278 4565 431 4640 probibent
455 4569 504 4622 aut
523 4564 578 4638 ipsi
603 4563 634 4620 lu
655 4576 755 4619 eorum
778 4560 884 4617 linibus
906 4561 1015 4618 bellum
1038 4567 1151 4632 gerunt.
1176 4562 1259 4635 1,1.
1298 4562 1376 4621 Nccb
1398 4565 1447 4620 der
1470 4561 1541 4620 Ass-

206 4657 331 4727 dstsscsq
342 4656 388 4710 des
401 4668 510 4723 prosssu
524 4648 715 4712 (ircuslcsdes,
737 4647 786 4701 der
798 4643 876 4705 tter
885 4663 925 4702 ee
942 4649 974 4702 ia
986 4647 1056 4703 atter
1069 4645 1199 4719 §proebe
1219 4650 1292 4706 noct
1305 4648 1417 4706 &mors
1429 4649 1542 4723 Aequis

205 4748 339 4810 moseten,
358 4739 411 4794 sote
429 4738 474 4794 dte
492 4736 644 4799 Hctoetter,
667 4734 737 4789 cocle
758 4733 803 4788 die
822 4732 906 4805 Rojeu
924 4734 1059 4804 pesoicbco
1078 4737 1145 4791 seis.
1184 4735 1237 4793 llic
1257 4735 1456 4794 blarcomaunl
1478 4738 1542 4793 eisd

207 4830 251 4885 dic
272 4829 303 4882 io
321 4827 412 4881 dorm
425 4820 565 4895 Gspmdes
586 4820 763 4892 tdmpseodcn
777 4815 939 4885 Genaunes,
963 4836 1014 4876 ser
1033 4818 1221 4894 Ferstultasq
1238 4822 1287 4876 der
1301 4823 1422 4892 sremdcss
1444 4819 1540 4879 Voltur

208 4912 368 4987 csspeststtt.
389 4909 461 4981 (Wic
480 4910 539 4964 bier
556 4923 637 4979 qspen
655 4906 700 4961 dic
711 4903 822 4970 Kettos,
843 4906 902 4977 ptos
914 4922 942 4961 ss
953 4905 1023 4961 cocis
1041 4907 1074 4961 isc
1085 4910 1196 4977 spdtsru
1207 4905 1298 4963 thtso
1309 4907 1538 4974 marcomannes,

209 4998 424 5063 Gemmarum
459 4991 724 5064 Grsssosrtbeidtper
743 5007 826 5064 qsqss
846 4992 891 5048 dis
917 4990 1034 5048 Wssdes
1054 4993 1112 5049 sord
1132 4990 1250 5050 oum:
1283 4995 1421 5051 uocantur
1444 4997 1541 5055 sutem

211 5120 433 5146 „,-.-..

280 5179 307 5252 1)
323 5180 440 5249 ΝΜ
456 5175 578 5235 Secooie
595 5176 739 5243 opponitur
755 5173 866 5242 laqus·
883 5172 1028 5230 senonum.
