3725 5892
527 509 624 579 viii
644 507 873 576 iunicouia
905 506 982 596 cip.
1005 508 1037 574 o.
1060 508 1092 574 a.
1116 508 1148 574 e.
1464 508 1525 573 aii

194 668 348 738 midoloea
369 679 454 749 erat,
484 690 543 737 nee
563 669 685 755 legatur
705 668 883 756 praetoriae
910 670 950 735 ad
978 666 1192 736 cohibendum
1212 672 1345 753 potens,
1373 665 1527 733 incertum

195 804 251 849 ruo
282 804 322 850 an
351 786 485 850 militum
513 782 653 869 ingenio.
688 781 730 847 ita
750 801 914 849 successor
934 782 1025 848 eimnl
1048 789 1080 849 et
1100 781 1187 849 ultor
1207 784 1341 857 electus,
1367 782 1528 846 rariarime

194 897 410 963 moderatione
431 896 541 963 maluit
559 898 659 963 rideri
673 894 829 961 iuvenisse
851 898 953 960 honos
974 914 1066 980 quam
1090 892 1209 962 leclme.
1233 894 1273 979 (8)
1295 902 1440 979 praeerat
1454 902 1527 958 tunc

193 1009 371 1075 Britanniae
393 1011 512 1077 Vettius
534 1008 685 1085 Bolauua,
714 1008 867 1096 placidina
894 1028 989 1095 quam
1013 1008 1112 1073 feroci
1134 1006 1294 1095 provincia
1316 1005 1445 1092 dignum
1467 1013 1525 1072 eet.

194 1123 378 1210 temperarit
406 1121 548 1207 Agricola
575 1123 639 1186 rim
666 1142 754 1187 suam
783 1123 993 1205 ardoremque
1022 1122 1234 1205 compescuit,
1266 1139 1305 1184 ne
1326 1122 1546 1195 increscerete

194 1234 316 1322 peritus
337 1237 470 1323 obsequi
485 1236 687 1320 eruditorque
701 1233 792 1299 utilia
813 1233 1109 1300 houeetiemiacere.
1131 1233 1220 1298 brevi
1242 1230 1528 1298 deinde'Britannia

195 1346 393 1414 consularem
414 1349 559 1413 Petilium
582 1348 737 1413 Cerialem
760 1348 891 1434 accepit.
917 1342 1095 1411 habueruut
1108 1345 1239 1411 virtuter
1260 1346 1397 1430 epatium
1420 1364 1529 1410 exem·

194 1461 330 1548 plorum.
353 1458 408 1526 aed
430 1462 533 1544 primo
555 1459 685 1525 Cerialia
706 1456 833 1525 laborer
855 1457 950 1524 modo
973 1466 1005 1524 et
1026 1459 1224 1535 discrimina,
1247 1479 1323 1525 mox
1344 1466 1375 1523 et
1395 1456 1528 1543 gloriam

194 1571 459 1639 communicabat:
490 1592 585 1657 caepe
606 1572 685 1659 parti
707 1573 864 1638 exercitur
885 1573 920 1636 in
942 1573 1210 1659 experimentum,
1238 1568 1406 1657 aliquando
1428 1573 1528 1636 maio·

194 1684 282 1752 ribua
310 1683 410 1769 copiis
437 1706 477 1750 ex
505 1693 620 1750 eventu
647 1681 808 1769 praefecit.
835 1684 1221 1772 necdpricolnuuquam
1247 1683 1390 1750 insuam
1412 1684 1562 1750 lamamtt

195 1803 289 1885 partie
309 1798 493 1865 exsultarit:
516 1800 556 1863 ad
569 1805 729 1863 auctorem
748 1817 786 1862 ac
800 1799 927 1871 ducem,
950 1803 985 1863 ut
998 1797 1153 1873 minister,
1175 1795 1333 1863 lortunam
1353 1795 1524 1863 referebat

194 1911 237 1978 ita
258 1915 371 1978 virtute
392 1910 425 1976 in
447 1907 669 1997 obsequendo,
692 1906 881 1975 remeandia
900 1911 934 1974 in
951 1907 1163 1993 praedicando
1186 1916 1276 1976 extra
1297 1908 1447 1977 invidiam
1468 1928 1528 1976 nec

195 2033 284 2092 extra
305 2023 437 2110 gloriam
463 2031 541 2089 erat.

264 2225 292 2275 a.
311 2225 397 2276 uictor
413 2225 445 2277 Γ.
465 2248 499 2259 -
515 2223 542 2276 t.
565 2222 666 2275 Vectiur
688 2222 804 2274 Voiueur
820 2223 845 2275 Γ
860 2218 925 2288 (Ae)
945 2248 973 2261 -
999 2220 1027 2273 8.
1045 2222 1149 2274 uterer
1166 2223 1245 2275 modo
1262 2226 1287 2278 Γ
1301 2223 1342 2278 Ae
1362 2225 1439 2276 medo
1458 2222 1530 2275 iulo·

194 2308 237 2347 ree
255 2308 315 2347 eum
334 2294 437 2347 Puteoi.
458 2294 489 2345 B.
520 2319 549 2332 -
579 2296 623 2345 ii.
642 2307 675 2345 ne
692 2294 783 2344 ducere
799 2293 824 2345 Γ
839 2292 880 2347 Aa
908 2301 933 2345 et
951 2293 1042 2343 ducem
1061 2306 1121 2345 curn
1140 2294 1200 2346 Poe.
1220 2295 1252 2345 ii.
1281 2322 1310 2336 -
1340 2295 1372 2347 V.
1391 2293 1530 2359 {oriundae

196 2370 317 2432 primitur
334 2370 459 2419 emtarum
477 2369 503 2417 io
520 2378 573 2430 mg.
591 2365 780 2428 recantatum
797 2372 837 2415 eat
854 2364 887 2417 ab
906 2367 964 2427 ipen
982 2364 1130 2429 acupentu
1149 2365 1240 2417 iaetu.

194 2552 350 2603 rueceaaori·
378 2548 446 2599 iliae·
467 2548 493 2607 i,
512 2546 556 2598 do.
576 2547 604 2605 a.
622 2546 666 2598 oa.
689 2571 719 2585 -
740 2546 842 2614 lepotue
877 2558 912 2598 ee
944 2548 1097 2600 muneraret
1127 2558 1323 2611 euperracaaea
1353 2547 1526 2611 ridebantur,

191 2629 360 2697 pretoriae]
388 2633 433 2691 uui
457 2631 559 2680 minere
582 2631 740 2679 auctoritate
762 2634 842 2691 atoue
879 2627 949 2679 tend
968 2630 1157 2691 perspicienti,
1177 2629 1327 2682 coniectum
1347 2642 1403 2682 eata
1417 2630 1481 2693 ipre.
1496 2651 1529 2667 -

194 2713 385 2764 eatettmatione
403 2706 474 2768 apud
487 2708 584 2759 militer
598 2714 672 2758 erant
691 2718 771 2770 uuam
781 2720 843 2759 eon·
879 2703 1014 2771 cerinum]
1034 2708 1117 2760 Antea
1130 2711 1192 2760 item
1206 2712 1232 2760 tu
1246 2709 1380 2761 Britannia
1394 2708 1479 2761 iuerat
1493 2709 1530 2759 ie·

194 2791 303 2842 euiarer.
333 2788 451 2851 intellige
470 2793 558 2838 autera
577 2787 691 2839 eundem
711 2787 840 2839 Caeiium.
878 2794 953 2852 gutur
972 2788 1080 2852 legionie
1099 2801 1204 2849 nouae,
1223 2790 1293 2840 Aue.
1313 2789 1356 2851 tl,
1376 2787 1438 2849 ³23
1459 2790 1528 2840 heito

194 2895 225 2908 -
238 2866 321 2933 uuor]
340 2868 464 2921 rideiicet
483 2874 597 2931 pcieatae
610 2868 634 2918 ei
648 2879 773 2919 eonceeaa
786 2873 844 2920 erat
879 2864 1036 2918 Germanico
1053 2868 1104 2919 dua
1125 2868 1256 2929 delectur,
1281 2870 1348 2921 iiiut.
1358 2868 1385 2929 d,
1395 2866 1456 2928 ou.;
1479 2869 1530 2922 Ve-

193 2950 332 3002 aeditioroe
351 2948 490 3012 puniendi.
513 2947 560 2999 aed
579 2947 671 2998 maioit
686 2950 841 2999 auctoritate
877 2950 1131 3011 aparianom‚cuiue
1148 2951 1174 2999 iu
1191 2948 1344 3001 affluitatem
1363 2956 1528 3012 pervenerat.

193 3039 294 3083 uatum
319 3042 383 3080 uaua
401 3034 523 3080 coercere
542 3040 604 3088 eoa,
633 3031 678 3091 qni
697 3028 730 3080 ad
750 3029 841 3080 turbae
877 3030 904 3077 in
925 3025 1527 3092 obtinendoinperioaoiuvie,niuo5‚1e.;

194 3113 270 3173 prout
296 3122 353 3162 ecee
378 3108 553 3161 ridebanture
583 3120 634 3170 qua
660 3108 842 3159 moderatione
879 3119 948 3170 quae
976 3108 1003 3156 iu
1023 3106 1157 3159 Britannia
1175 3113 1270 3173 periit,
1297 3114 1437 3161 narrantur
1462 3108 1529 3160 inira

193 3192 286 3242 haruin
306 3191 471 3251 eruptionem
492 3192 635 3249 praevenit,
655 3189 778 3251 adeoque
798 3189 843 3239 bo·
878 3186 908 3238 C.
929 3186 972 3237 ii.
991 3186 1043 3237 Ba.
1065 3210 1095 3224 -
1114 3188 1263 3242 inmutet
1282 3186 1409 3253 virtuter]
1432 3188 1531 3254 «Apri-

193 3282 241 3321 noe
259 3270 369 3326 inuenit,
396 3270 482 3330 potine
508 3277 587 3331 quem
607 3270 746 3330 punitione
771 3269 840 3335 fecit.
879 3267 952 3318 colae
972 3269 1080 3318 virtuter
1098 3267 1148 3318 rub
1167 3266 1238 3321 bono
1257 3269 1388 3321 conauiari
1407 3281 1456 3320 nec
1475 3276 1528 3319 tem

882 3346 1005 3409 torpido,
1031 3359 1110 3410 quam
1138 3347 1225 3401 iuerat
1249 3348 1381 3411 Bolanus,
1408 3361 1530 3412 campum

235 3426 262 3479 8.
297 3426 397 3477 Vetttue
419 3426 556 3490 Baianae]
581 3426 721 3479 avitciiio
738 3430 843 3487 rutenae,
880 3434 974 3477 nactae
991 3433 1062 3486 eunt,
1082 3431 1108 3478 in
1123 3440 1202 3490 quern
1220 3437 1388 3482 excurrerent
1401 3435 1429 3482 et
1445 3444 1530 3482 eaeru-

193 3510 262 3561 iiiet
282 3508 309 3564 2,
328 3507 375 3559 ds.
388 3530 415 3543 -
431 3506 545 3570 clipeum
562 3502 609 3570 ert]
630 3507 734 3560 Fruetra
753 3508 844 3558 Bieioe
881 3505 922 3569 pia
946 3505 1057 3557 ederent
1082 3506 1224 3570 obtenuit,
1249 3511 1424 3561 verecundiae
1449 3519 1531 3575 atque

193 3597 220 3641 et
238 3589 372 3640 Acidaiiua
395 3593 476 3645 erret,
504 3587 640 3639 Ernestiua
665 3592 722 3638 erut
745 3588 845 3638 matua-
881 3587 1009 3646 imprimit
1029 3584 1191 3637 tortitudini·
1205 3588 1314 3641 beiticre
1327 3593 1443 3653 artisque
1464 3592 1531 3641 miii·

194 3677 274 3725 runt:
294 3667 365 3720 teror
385 3669 455 3719 euim
470 3670 603 3730 provincia
618 3667 753 3718 Britannia
766 3670 843 3720 etiarn
881 3667 971 3715 tarta·
991 3664 1116 3716 similiter
1136 3667 1206 3718 dnn.
1227 3668 1271 3729 iit.
1290 3669 1323 3720 Be
1341 3670 1532 3735 uidebaturque

193 3764 225 3801 eu
254 3756 391 3811 tenpore,
421 3759 474 3809 ouo
500 3747 566 3798 haec
593 3751 689 3809 accipie
715 3755 785 3798 runt.
811 3773 843 3784 -
880 3745 951 3795 iocur
968 3745 1111 3796 uirtutidue
1126 3748 1288 3812 patefactura.
1308 3775 1336 3788 -
1357 3751 1531 3800 communice-

192 3829 344 3892 temperavit
357 3852 369 3863 ·
381 3850 408 3881 ·.
427 3840 460 3877 rie
482 3822 650 3886 emarcet]
676 3826 778 3878 eBtiarn
798 3827 843 3877 uiri
880 3822 936 3888 dui]
955 3835 1015 3874 cum
1034 3825 1165 3888 agricola.
1189 3827 1247 3878 ilua
1264 3841 1317 3879 unu
1336 3829 1393 3881 ioco
1412 3844 1435 3881 r.
1455 3829 1531 3880 abeo·

193 3923 240 3960 rua
267 3920 327 3959 euna
356 3907 457 3971 iegione
475 3904 536 3955 XX.
565 3908 722 3968 auaiitiaoue
747 3911 770 3957 ei
794 3907 844 3956 ad·
880 3903 934 3955 tute
953 3903 1052 3954 dictum
1071 3905 1192 3958 videtote
1211 3916 1282 3961 certe
1300 3910 1371 3972 apud
1391 3908 1529 3961 Caeaarern

193 3990 287 4040 iunctia
298 3987 492 4049 expeditionem
505 3986 620 4049 aliquam
632 3992 844 4049 opportuneeuc·
881 3982 911 4031 ii.
932 3981 964 4032 G.
984 3984 1011 4041 d.
1032 3981 1080 4034 id:
1102 3998 1184 4049 neque
1202 3987 1236 4036 ite
1251 3990 1399 4051 petenttdue
1416 3991 1459 4039 tue
1471 3990 1530 4040 red·

195 4071 283 4131 cipere
295 4076 400 4128 poetae,
417 4070 589 4126 temperarit.
604 4078 637 4115 ne
650 4067 843 4117 erietimaiione
880 4062 957 4111 ditur
974 4076 1058 4126 neque
1073 4065 1155 4116 toene
1172 4066 1243 4118 ullua
1255 4071 1464 4120 commententur
1482 4071 1530 4122 lte·

194 4156 221 4199 et
239 4148 351 4198 miiitum
370 4150 397 4197 et
415 4148 527 4197 civitatia
545 4147 678 4196 itomanae
696 4157 775 4206 cupra
793 4145 845 4195 Bn-
880 4142 990 4192 randum
1014 4149 1055 4193 aet
1076 4157 1101 4195 r.
1127 4146 1171 4196 tir.
1200 4170 1229 4182 -
1256 4159 1289 4196 ee
1310 4146 1417 4213 euentu]
1446 4161 1529 4199 ccum

192 4228 292 4281 lanum,
306 4228 442 4278 hominem
455 4226 532 4276 nimie
543 4225 673 4286 piacidum
687 4236 841 4289 aeternam.
881 4229 991 4273 crentur
1010 4222 1037 4272 id
1056 4226 1211 4284 euaaieeet‚»
1232 4226 1347 4289 erpiicat
1361 4228 1437 4279 llarid
1450 4229 1529 4279 Ture.

191 4308 382 4360 minitentur.-
414 4306 569 4356 Lonaudrez
599 4305 745 4368 Apricoic,
773 4316 844 4367 pour
880 4302 915 4351 ii.
942 4316 967 4363 p.
994 4300 1055 4353 659.
1089 4304 1160 4353 «iiii
1185 4309 1297 4368 primum
1324 4310 1531 4371 ceperimeeiuae

191 4402 223 4438 ree
239 4388 315 4450 point
337 4385 451 4450 prendre
474 4391 534 4448 trop
551 4384 756 4448 d'impuriunee.
782 4397 843 4434 ecre·
881 4394 1006 4444 proepere
1020 4386 1198 4444 carceratum,
1218 4399 1277 4437 mua
1290 4388 1434 4439 maioritua
1448 4391 1530 4450 eopiia

192 4468 243 4517 tint
254 4479 285 4515 en
295 4479 393 4529 propre
406 4463 667 4530 mpuercmperu
677 4476 725 4513 ene
735 4464 841 4514 urdeur.
880 4462 1027 4527 Agricolam
1057 4465 1244 4527 praeficiebat,
1273 4474 1303 4516 ut
1332 4470 1465 4529 inceptura
1495 4468 1529 4519 ad

191 4546 229 4596 lta
249 4551 280 4595 ut
299 4548 522 4609 interpretemur,
546 4545 685 4607 requirunt
702 4555 743 4593 ar.
763 4555 840 4606 aequ.
880 4544 958 4593 tinem
979 4543 1146 4604 perduceret.
1159 4560 1173 4591 a
1187 4571 1219 4582 -
1233 4547 1262 4596 ln
1280 4560 1356 4597 cunm
1368 4550 1470 4611 [umora
1487 4561 1530 4614 pe·

189 4626 290 4689 peritur
308 4624 421 4689 adsequi.
454 4625 622 4673 «incarcere
646 4624 742 4673 dieitur
763 4626 840 4672 etiam
878 4625 925 4672 atie
945 4621 1097 4686 meruerit]
1116 4624 1300 4696 βραχυλογία
1318 4639 1380 4689 pro:
1408 4628 1467 4677 cita
1487 4642 1529 4695 ge3

191 4706 269 4755 homo
288 4704 358 4767 apud
380 4703 455 4756 suet.
475 4703 509 4754 de
528 4703 564 4753 iii.
585 4702 700 4752 Gramen.
720 4702 754 4752 Be
778 4701 840 4753 Poet
877 4706 925 4754 etia
952 4705 1005 4753 anie
1033 4702 1186 4763 exsultarit,
1216 4712 1246 4754 ut
1268 4709 1399 4769 propriam
1428 4714 1528 4758 tautum

190 4786 238 4834 iicc
255 4785 339 4849 mepte
356 4796 388 4832 nc
405 4783 489 4847 mepte
507 4789 531 4834 et
545 4784 673 4845 prnttuet
691 4785 840 4832 eureurtie
877 4781 972 4833 tautam
996 4788 1209 4842 aucuparetur.»
1236 4811 1268 4822 -
1297 4791 1373 4836 ectrn
1396 4784 1527 4851 pierium]

190 4865 308 4914 increvit.
337 4862 414 4924 tpue
433 4862 501 4912 Ptin.
524 4862 591 4923 Bpp.
610 4861 637 4919 8.
656 4860 683 4912 d.
705 4862 838 4925 ingenium
876 4863 962 4912 Beira
979 4863 1112 4914 interdum
1131 4875 1178 4926 pro
1196 4866 1251 4915 etue
1269 4867 1389 4928 ponitur,
1412 4879 1529 4928 praeter·

191 4945 260 4994 docti
279 4943 393 4992 hominia
416 4939 555 5004 (caninii)
584 4941 680 4991 dieitur
697 4942 840 4993 inerescere
877 4944 923 4991 tim
942 4942 1012 5005 apud
1032 4943 1192 4995 recentiorea
1215 4946 1366 5007 ecriptorea.
1407 4946 1526 5009 opponi-

191 5022 286 5086 urupiie
305 5020 455 5083 mutius.»
474 5019 598 5073 Waern.
629 5019 680 5071 Aiii
706 5033 752 5084 pro
777 5021 839 5072 auli·
876 5028 920 5073 tur
937 5035 1006 5071 eum.
1037 5021 1100 5073 Tac.
1121 5021 1190 5072 litei.
1211 5024 1242 5083 i,
1260 5023 1311 5076 dte
1336 5024 1389 5088 tpri
1413 5026 1527 5077 medium

192 5106 260 5154 iectu
285 5101 383 5152 liabent
406 5115 432 5152 r.
453 5100 552 5160 ardor,
577 5114 631 5163 nno
649 5100 715 5152 nihil
739 5102 839 5167 laugui-
874 5102 1019 5165 inperium,
1036 5102 1125 5164 mupu
1136 5104 1293 5154 werecitiu
1306 5114 1384 5167 quera
1403 5119 1461 5158 curu
1471 5108 1524 5159 otr-

191 5184 253 5234 diue
272 5182 325 5233 diet
344 5186 466 5245 poterat,
492 5180 563 5232 unde
586 5183 638 5232 iarn
658 5180 777 5235 Bruertio
796 5195 837 5235 rr.
875 5182 1004 5233 totilae·
1024 5180 1108 5232 flua
1126 5178 1203 5232 Tura.
1217 5181 1253 5232 ii.
1274 5194 1302 5253 p.
1318 5181 1380 5240 dii.
