3725 5892
558 1550 626 1636 ιο.
659 1548 947 1637 onsenms
977 1551 1209 1637 onumen

488 1686 492 1703 ’
679 1737 1089 1817 nnnnuuuro.

774 2011 996 2024 ——n-

276 2245 395 2314 Baiteri
416 2248 480 2311 mei
502 2245 602 2311 amica
623 2255 656 2311 et
684 2246 809 2313 aomina
840 2268 901 2334 ope
927 2246 1041 2323 fretus,
1073 2248 1284 2333 quodcunque
1315 2252 1427 2334 potui,
1466 2249 1555 2317 effeci

209 2387 244 2453 in
288 2387 504 2454 constituenda
544 2388 678 2454 lectione
721 2387 820 2454 Taciti
854 2389 1017 2453 Annalium
1057 2395 1090 2453 et
1130 2391 1341 2454 Historiarum
1386 2412 1427 2455 ex
1468 2389 1556 2457 libris

209 2525 382 2605 Mediceia;
415 2526 528 2614 quodsi
560 2528 630 2615 quin
661 2528 740 2594 aliua
769 2530 889 2594 maiora
918 2536 1013 2615 atque
1051 2528 1210 2594 exactiora
1241 2527 1367 2595 eoadem
1388 2529 1555 2596 revolvens

210 2669 428 2751 praestiterit,
452 2688 590 2734 summae
611 2668 642 2734 ei
663 2667 779 2753 gratiae
799 2666 998 2735 habebimus.

280 2844 382 2910 Simili
408 2843 513 2912 studio
541 2847 574 2911 in
596 2844 753 2930 Aprn'coice
784 2849 850 2911 Vita
872 2844 1040 2935 Codicibue
1061 2848 1142 2912 ΓΔ
1169 2867 1245 2910 usuc
1274 2866 1364 2921 sum,
1401 2854 1554 2932 quatenus

211 3004 326 3050 eorum
354 2984 503 3053 lectiones
533 2985 634 3052 adhuc
663 2989 887 3065 innotuerunt3
925 2989 1024 3053 multo
1046 2984 1139 3070 plura
1161 2986 1245 3050 enim
1268 2993 1301 3050 et
1321 2987 1514 3051 accuratiora
1535 3005 1554 3049 a

210 3126 336 3191 Werio
357 3126 525 3212 aliquando
546 3124 815 3193 subministratum
835 3127 877 3193 iri
906 3148 1086 3212 speramue3
1123 3129 1244 3192 interea
1270 3134 1375 3190 tamen
1404 3123 1456 3189 vel
1476 3127 1554 3189 Pro·

212 3286 359 3351 gramma
379 3264 447 3330 eiua
467 3266 666 3333 utilissimum
688 3267 765 3333 mihi
785 3266 857 3334 fnit.

280 3444 318 3507 In
340 3444 504 3508 Germanic
525 3451 557 3508 et
576 3446 705 3528 Diclopo
732 3453 804 3510 ante
832 3465 943 3510 omnen
965 3465 1048 3511 nunc
1077 3448 1257 3531 sequendus
1278 3453 1345 3509 erat
1367 3442 1443 3508 Cod.
1466 3441 1553 3508 Peri·

212 3581 367 3649 nonianus
409 3582 717 3668 praestantissimus,
762 3585 852 3651 cuiue
889 3584 1118 3669 diligentiorem
1152 3587 1318 3651 Troaoiana
1351 3585 1551 3649 collationem

212 3723 322 3809 plures
350 3731 422 3789 ante
450 3743 549 3789 annor
579 3726 618 3789 ab
651 3723 754 3790 amico
781 3723 975 3808 Boeckingio
1002 3726 1178 3810 gratissimo
1208 3728 1292 3791 dono
1314 3732 1473 3809 acceptam
1494 3743 1553 3808 per

213 3865 323 3929 nescio
355 3884 449 3951 quem
482 3883 624 3930 errorem
664 3873 776 3949 postea
809 3864 882 3930 huic
921 3866 1041 3943 tribui;
1077 3885 1187 3930 verum
1220 3862 1352 3930 eandem
1384 3866 1551 3929 Francisco

213 4002 335 4069 Rittero
358 4005 467 4069 deberi
490 4012 583 4070 etex
604 4003 696 4071 huius
717 4001 841 4069 schedis
862 4024 880 4069 a
901 4025 936 4070 se
964 4013 1083 4072 tantum
1110 4004 1327 4090 transcriptam
1359 4024 1448 4081 erse,
1484 4003 1552 4090 ipse

213 4142 425 4229 Boeekingiue
446 4143 506 4209 hoc
535 4165 643 4210 mense
673 4146 851 4229 Septembri
873 4144 1021 4212 Turicum
1051 4167 1159 4211 rursus
1186 4147 1290 4210 vicena
1317 4143 1394 4209 mihi
1422 4104 1551 4209 tentatus¹

216 4291 277 4348 eat.
324 4284 383 4349 Hic
420 4283 515 4369 igitur
554 4283 785 4351 involuntariae
816 4287 990 4352 memoriae
1021 4285 1126 4369 lapsus
1158 4282 1274 4371 ubique
1306 4292 1341 4349 ut
1374 4283 1551 4368 corrigatur

214 4422 349 4489 lectoren
380 4442 505 4507 precor.
556 4424 835 4513 Doederleinianpc
865 4425 1023 4492 Editionis
1057 4426 1128 4490 Vol.
1158 4428 1198 4490 11.
1234 4432 1308 4489 tnnc
1338 4426 1466 4489 demum
1498 4444 1549 4487 me

217 4565 382 4629 consulere
406 4564 564 4647 potuisse,
601 4583 672 4629 cum
702 4585 817 4649 operae
845 4567 972 4631 iamiam
1002 4568 1036 4631 in
1057 4563 1189 4650 Dialogo
1221 4572 1389 4650 occupatae
1423 4571 1550 4637 essent,

217 4722 406 4790 magnopere
428 4702 532 4774 doleo.

281 4880 372 4956 Quod
392 4889 497 4948 autem
529 4881 569 4949 ad
596 4891 694 4950 totam
722 4884 875 4950 rationem
909 4886 1051 4950 criticam
1080 4886 1233 4971 pertinet,
1267 4903 1330 4948 non
1359 4884 1427 4948 aine
1459 4883 1553 4967 gravi

220 5016 353 5102 quadam
374 5023 469 5087 animi
490 5022 634 5090 molestia
654 5023 814 5091 fatendum
836 5034 901 5103 eat,
937 5026 983 5091 uti
1003 5046 1055 5091 me
1076 5046 1141 5091 non
1162 5025 1302 5109 potuisse
1323 5023 1550 5108 permultorum
