3725 5892
659 436 860 506 unrocus
895 437 969 524 cap.
991 440 1043 503 ao.
1068 440 1120 503 ss.
1487 439 1548 504 sus

213 605 278 665 tem
298 604 493 685 temporum,
517 620 588 665 curn
604 598 763 684 voluptate
778 598 971 666 audientium
986 596 1094 685 possit.
1141 596 1200 681 (at)
1216 596 1277 664 boe
1291 595 1352 663 sibi
1363 598 1409 662 illi
1424 604 1548 663 veteres

213 720 448 799 persuaserant,
469 715 509 778 ad
529 716 589 778 boe
602 711 800 779 efficiendum
812 712 1030 798 intelligebant
1044 731 1124 796 opas
1136 732 1205 777 esse
1218 730 1281 777 non
1294 718 1328 776 ut
1340 710 1373 775 in
1384 714 1548 777 rhetorum

212 824 327 890 scholis
348 823 576 902 declamarent,
600 846 658 892 nec
679 835 714 892 ut
735 824 814 892 lictis
828 846 886 892 nee
900 825 966 892 ullo
987 825 1080 890 modo
1096 827 1135 890 ad
1151 824 1314 891 veritatem
1328 822 1548 889 accedentibus

212 938 435 1005 controversiis
455 940 593 1023 linguam
615 944 709 1006 modo
725 946 756 1004 et
771 959 880 1006 vocem
897 946 1096 1013 exercerent,
1119 936 1173 1003 sed
1195 946 1228 1003 ut
1247 939 1285 1002 iis
1307 939 1427 1002 ortibus
1441 946 1549 1022 pectus

210 1051 377 1134 implerent
397 1054 428 1117 in
450 1050 563 1138 quibus
584 1055 623 1118 de
646 1051 737 1118 bonis
759 1073 794 1117 ae
816 1051 921 1129 malie,
945 1057 983 1118 de
1006 1050 1137 1118 honesto
1161 1060 1193 1116 et
1214 1049 1319 1137 turpi,
1351 1049 1390 1115 de
1411 1052 1493 1115 iusto
1516 1058 1566 1120 ets

210 1163 323 1230 iniusto
346 1165 530 1250 disputatur.
574 1167 654 1230 haec
675 1169 758 1231 enim
780 1174 827 1231 est
848 1165 965 1232 oratori
987 1162 1127 1231 subiecta
1148 1164 1186 1230 od
1210 1163 1377 1230 dicendum
1400 1162 1544 1228 materia.

210 1298 281 1343 nam
296 1280 328 1343 in
340 1276 462 1343 iudiciis
473 1278 541 1344 lere
551 1280 590 1343 de
602 1277 771 1364 aequitate,
792 1278 825 1344 in
837 1278 1115 1344 deliberationibus
1126 1280 1166 1344 de
1177 1280 1340 1343 honestate
1355 1278 1546 1349 disserimus,

209 1391 252 1455 iia
281 1399 315 1455 ut
344 1393 531 1476 plerumque
558 1394 636 1456 baec
666 1388 756 1477 [ipsa]
779 1391 914 1456 invicem
937 1391 1138 1465 misceantur,
1168 1389 1342 1476 dequibus
1365 1389 1492 1473 copiose
1516 1397 1547 1453 et

210 1501 295 1568 varie
317 1511 348 1567 et
369 1511 479 1567 ornate
500 1523 593 1568 nemo
615 1503 719 1568 dicere
741 1513 861 1589 potest,
886 1504 945 1570 nisi
969 1504 1024 1589 qui
1046 1505 1194 1589 cognovit
1220 1512 1363 1568 naturam
1378 1507 1545 1568 humanam

209 1624 240 1680 et
258 1614 320 1680 vim
342 1616 490 1682 virtutum
509 1617 755 1702 pravitatemque
775 1616 924 1682 vitiorum
945 1625 976 1681 et
993 1617 1182 1683 intellectum
1205 1637 1413 1701 eorumquae
1437 1636 1495 1681 nee
1514 1618 1544 1680 in
1554 1642 1583 1684 su

208 1727 376 1793 virtutibus
397 1749 455 1794 nec
476 1729 559 1793 vitiis
580 1737 793 1794 numerantur.
838 1734 885 1795 Ex
905 1731 955 1794 his
977 1728 1116 1795 lontibus
1138 1728 1230 1794 etiam
1255 1727 1308 1794 illa
1321 1727 1494 1813 prolluunt,
1509 1738 1545 1793 ut

207 1838 329 1906 lucilius
350 1841 430 1906 irasn
444 1841 556 1907 iudicis
572 1841 623 1908 vel
638 1844 765 1927 instiget
786 1841 836 1907 vel
854 1842 967 1916 leniat,
991 1845 1045 1928 qui
1063 1844 1120 1907 scit
1137 1841 1212 1928 quid
1227 1844 1291 1915 ira,
1313 1841 1490 1928 promptius
1506 1840 1544 1906 ad
1578 1918 1580 1920 ¹

207 1952 440 2019 miserationem
469 1953 626 2040 impellat,
656 1954 711 2039 qui
737 1954 795 2019 scit
823 1954 899 2042 quid
929 1958 969 2019 sit
997 1953 1211 2020 misericordia
1240 1964 1271 2020 et
1300 1953 1414 2040 quibus
1446 1954 1543 2019 animi

207 2070 345 2133 motibus
374 2069 557 2133 concitetor.
603 2070 635 2132 in
662 2068 710 2133 bis
738 2065 859 2132 artibus
890 2067 1230 2154 exercitationibusque
1259 2076 1403 2133 versatus
1425 2077 1543 2143 orator,

206 2182 273 2246 sive
295 2180 377 2265 apud
396 2178 525 2247 infestos
544 2181 610 2246 sive
627 2182 709 2266 apud
729 2182 859 2266 cupidos
880 2182 948 2245 sive
970 2183 1053 2264 apud
1075 2180 1251 2245 invidentes
1267 2180 1332 2245 sivo
1345 2183 1428 2267 apud
1441 2180 1583 2248 tristasse

206 2293 272 2358 sive
293 2296 376 2380 apud
399 2296 543 2359 timentes
565 2292 732 2358 dicendum
753 2293 911 2365 babuerit,
936 2289 1055 2358 tenebit
1074 2314 1168 2358 renas
1187 2292 1376 2369 animorum,
1400 2302 1432 2358 et
1448 2303 1543 2377 prout

206 2409 357 2494 cuiusque
369 2414 478 2472 natura
489 2404 667 2492 postulabit,
679 2405 840 2472 adhibebit
857 2426 983 2471 manum
996 2415 1027 2471 et
1039 2408 1227 2490 temperabit
1238 2408 1421 2480 orationem,
1436 2415 1544 2489 parato

206 2522 292 2585 omni
313 2522 521 2585 instrumento
543 2528 575 2584 et
595 2522 635 2585 ad
649 2540 774 2586 omnem
798 2541 888 2585 usum
904 2520 1055 2604 reposito.
1078 2529 1149 2585 sunt
1165 2522 1247 2606 apud
1266 2540 1344 2606 quos
1361 2520 1543 2586 adstrictum

206 2640 237 2698 et
266 2632 428 2698 collectum
457 2642 488 2699 et
514 2632 635 2717 singula
663 2633 766 2699 statim
787 2642 973 2718 argumenta
995 2632 1185 2699 concludens
1207 2632 1331 2699 dicendi
1351 2654 1451 2718 genus
1473 2633 1543 2719 plus

205 2743 277 2811 fidei
301 2754 460 2811 meretur:
491 2749 575 2831 apud
596 2749 656 2812 hus
677 2745 800 2813 dedisse
822 2766 951 2833 operam
974 2746 1153 2812 dialecticae
1174 2743 1329 2829 proficiet.
1375 2745 1453 2812 alios
1475 2745 1581 2812 lusaso

274 2947 299 2997 1.
319 2946 382 2996 base
400 2945 429 2996 Ρ.
451 2944 604 2997 Curseeturn
626 2949 652 2997 in
672 2947 701 2998 F.
722 2973 753 2984 -
772 2949 799 2997 t.
819 2954 849 2998 ut
867 2948 953 2997 inbis
972 2949 1003 2999 P.
1028 2974 1055 2985 -
1076 2948 1102 2998 5.
1124 2951 1148 2997 et
1166 2947 1358 3011 turpin'Dr
1380 2962 1412 2997 ae
1425 2950 1497 3013 turpi
1510 2948 1541 2997 Β.

207 3042 237 3054 -
256 3017 282 3067 b.
306 3016 392 3067 liebet
411 3016 437 3066 b.
457 3016 474 3064 Ι.
495 3017 558 3066 bueo
576 3020 643 3066 enim
662 3023 699 3066 est
718 3017 754 3077 Ρ,
778 3031 831 3067 nun
849 3019 912 3067 bueo
931 3024 968 3068 est
985 3021 1052 3070 enim
1072 3018 1091 3066 Ρ
1109 3018 1141 3068 n.
1164 3044 1191 3055 -
1220 3017 1246 3067 8.
1272 3031 1323 3067 usu.
1344 3020 1405 3079 ipsa
1423 3018 1451 3067 Ρ.
1489 3020 1543 3070 Νοι

203 3087 368 3138 seclusimus·
389 3109 420 3122 ·-
452 3088 494 3136 10.
514 3100 561 3137 ner
577 3089 606 3135 tn
624 3089 767 3138 uirtutibus
785 3102 832 3137 nee
849 3090 921 3137 uitiis
939 3089 977 3139 Ρι
1005 3102 1086 3151 neque
1105 3090 1134 3137 in
1150 3089 1294 3138 uirtutibus
1318 3102 1399 3151 neque
1421 3092 1451 3137 in
1471 3092 1544 3140 uitiis

202 3157 222 3206 Ρ
247 3158 265 3204 ti
288 3157 319 3205 l).
350 3181 378 3194 -
410 3157 453 3205 il.
479 3157 552 3205 uitiis
575 3152 710 3206 censete
736 3166 912 3208 nrsnierantur
935 3159 975 3220 Ρ,
1003 3168 1069 3210 teste
1097 3159 1274 3221 Boeciinqto.
1305 3161 1398 3210 sitente
1425 3160 1542 3211 Trossto.

203 3226 234 3275 ln
248 3227 276 3275 Ρ.
293 3227 400 3288 quidem
419 3226 519 3275 nullutn
539 3226 618 3276 buius
636 3228 697 3277 lert.
718 3236 757 3278 est
776 3234 922 3291 testigtarn.
944 3254 975 3266 -
997 3233 1051 3280 ista
1070 3231 1102 3279 ab
1122 3232 1156 3279 et.
1177 3244 1211 3280 ιιι.
1232 3243 1361 3291 superser.
1381 3230 1430 3279 itio
1448 3239 1474 3282 et
1492 3233 1543 3281 isia

204 3302 308 3357 punctis
326 3297 431 3347 subnot.
452 3295 482 3345 P.
511 3318 540 3329 -
569 3297 612 3345 lb.
639 3299 704 3359 quid
720 3300 778 3348 irae
793 3303 941 3361 promptius
965 3308 989 3349 et
1007 3304 1204 3349 miserationem
1221 3301 1251 3350 Ρ.
1283 3300 1399 3352 Correxit
1428 3301 1541 3360 Lipsius.

202 3364 275 3429 (quid
293 3368 387 3415 trusit
406 3379 464 3416 turn
482 3365 594 3417 Pltbueo
614 3366 703 3428 iless.)
722 3394 753 3405 -
774 3371 816 3418 tt.
837 3377 962 3419 ansatur
980 3370 1009 3420 P.
1030 3371 1147 3421 Currestt
1163 3372 1316 3421 Rhenanus.
1336 3395 1368 3410 -
1393 3370 1435 3420 lb.
1457 3373 1543 3424 tisbet

201 3450 281 3487 uenus
301 3436 336 3497 Ρ,
356 3450 408 3487 nou
426 3437 538 3487 bobertus
551 3436 698 3489 Puteolani.
715 3464 742 3475 -
766 3439 808 3490 tr.
826 3439 973 3500 postulabit
985 3440 1024 3491 l’:
1041 3441 1214 3503 postulaverit
1234 3441 1331 3491 tou.
1353 3464 1383 3479 -
1403 3441 1446 3492 20.
1466 3442 1543 3509 fidem

202 3507 272 3567 PF,
292 3507 361 3558 baud
382 3519 486 3571 prorsus
505 3508 671 3570 improbante
690 3509 775 3561 [laed.
805 3509 904 3561 Vitium
924 3517 1037 3562 correxit
1054 3521 1104 3561 tarn
1124 3512 1293 3564 Poteoieuos.

202 3675 249 3733 ὅτι
270 3676 339 3733 ouidi
357 3675 402 3745 οἷς
428 3679 583 3750 προσῆκόν
605 3680 686 3735 ἐστιν
707 3681 852 3751 sypenta·
887 3683 1035 3743 valetudo,
1063 3686 1198 3747 intentus
1216 3698 1363 3747 sensuum,
1386 3687 1483 3749 gioria,
1502 3686 1541 3735 di·

202 3757 344 3825 σάμιιοι,
372 3760 419 3812 dni
440 3760 492 3825 τὰς
515 3760 666 3826 dennestede
688 3768 737 3814 καὶ
758 3763 852 3829 δημη·
888 3766 985 3823 vitiae,
1013 3766 1064 3815 elta
1092 3761 1339 3834 ἀποπροηγμένα,
1368 3771 1469 3816 remota
1500 3767 1540 3816 ret

201 3837 321 3908 γορικάς
334 3837 426 3892 i'snsas
439 3833 610 3904 ὑποθέσεις·
632 3842 664 3894 τὸ
676 3842 714 3909 δὴ
728 3842 851 3911 luydas·
886 3845 1003 3902 reiecta,
1032 3851 1060 3893 ut
1079 3843 1168 3902 dolor,
1187 3858 1312 3895 sensuum
1331 3848 1455 3904 emissio,
1476 3858 1540 3906 peu·

200 3934 253 3969 nov
269 3918 344 3969 κατὰ
367 3917 421 3985 τὴν
446 3923 622 3989 repositius,
649 3921 681 3972 ἐν
700 3921 775 3991 alitsp
796 3921 850 3989 τὴν
886 3932 992 3983 perus,
1013 3925 1177 3987 ignominie:
1199 3928 1249 3973 issn
1270 3925 1538 3988 deutraqueqenose

199 4000 358 4068 responsione
372 3995 584 4062 penetravere.
605 4025 633 4038 -
662 4006 714 4049 ns·
733 4026 743 4037 ·
761 4003 850 4064 impis
886 4009 982 4054 oratori
1002 4018 1081 4067 serpe
1101 4005 1291 4067 disputandum
1310 4013 1369 4060 est,
1400 4007 1433 4058 de
1453 4009 1539 4069 physi-

199 4073 269 4140 rent]
289 4076 344 4127 Cre.
364 4076 397 4128 de
416 4076 453 4128 0r
482 4077 515 4135 ³,
536 4076 585 4138 ³0,
605 4078 674 4129 itt:
704 4080 849 4131 Nenenisn
885 4086 922 4134 ets
947 4097 999 4135 noa
1026 4087 1099 4135 tiens.
1130 4085 1184 4135 Cir.
1206 4089 1312 4135 omnino
1332 4085 1386 4135 Cic.
1408 4087 1441 4136 de
1461 4087 1536 4136 Finn.

198 4156 283 4206 solum
300 4155 418 4206 acuenda
435 4155 509 4205 nobie
526 4164 551 4207 et
566 4159 736 4219 procudenda
755 4160 848 4222 linqua
885 4164 918 4222 ³,
941 4166 982 4214 15.
1000 4186 1031 4197 -
1053 4166 1149 4215 tenebit
1166 4178 1246 4215 uenas
1265 4164 1426 4229 animorum]
1447 4179 1539 4216 ‹seecu-

199 4243 252 4292 est,
289 4236 334 4285 ssd
363 4236 523 4286 onerandum
550 4238 848 4304 complendumque
884 4251 967 4294 ratam
986 4245 1094 4295 intimae
1122 4246 1258 4296 bantinum
1285 4255 1395 4297 naturae
1422 4249 1539 4296 diuersu-

198 4322 320 4379 pestus
336 4315 516 4365 maximarum
531 4328 618 4365 reruni
636 4323 660 4365 et
670 4318 849 4380 plurimarum
885 4337 996 4385 rumque
1026 4325 1158 4374 sentiendi
1190 4326 1329 4375 modorum
1360 4327 1537 4389 cognitionem

198 4395 345 4450 suauitate,
365 4396 459 4456 copia,
479 4396 616 4446 venereo.
637 4420 669 4432 -
689 4398 847 4449 inteliectusn
885 4404 1020 4452 babebit.»
1042 4403 1164 4454 Wsuru.
1198 4406 1270 4472 Senq
1287 4409 1402 4455 imitatus
1422 4407 1536 4455 ostilia.

198 4468 300 4535 eorum]
319 4473 392 4522 asetl.
412 4472 499 4522 babet.
519 4473 583 4525 'isle
602 4479 672 4526 eninr
689 4478 799 4527 ‚serburn
816 4493 847 4531 es
884 4481 990 4532 dettrst
1014 4482 1027 4532 1
1052 4484 1095 4539 52.
1107 4484 1177 4533 223:
1204 4485 1298 4535 Teneat
1312 4489 1413 4547 oporiet
1431 4497 1537 4533 uenas

198 4552 319 4617 eoqnoeit
351 4551 537 4603 assumendum
568 4563 608 4606 est
642 4569 690 4619 per
717 4571 846 4620 zeugma,
883 4563 1537 4626 cuiusqueuaneris‚aetatis,ordinis,eteoruns

198 4634 322 4693 quoniam
346 4630 491 4679 intellectus
516 4636 635 4695 eoqnosct
654 4648 706 4686 nnn
731 4643 845 4697 potest.»
883 4640 957 4702 apud
980 4655 1046 4704 quos
1073 4642 1174 4706 aliquid
1202 4652 1260 4708 apes
1287 4651 1333 4692 aut
1361 4645 1411 4692 erit
1428 4649 1538 4696 acturus

198 4711 288 4762 Dosa.
306 4734 333 4745 -
354 4722 421 4775 quae
436 4722 483 4761 nse
501 4712 531 4759 in
548 4714 690 4764 uirtutibus
704 4711 767 4779 cet]
786 4715 845 4766 Noa
882 4727 979 4769 mentes
996 4733 1134 4785 sensusque
1151 4723 1279 4785 dequstet.
1300 4721 1484 4784 (slietspbore
1503 4724 1536 4773 ab

197 4792 320 4853 inteiligit
338 4788 374 4840 soi
392 4786 525 4852 φυσικά,
544 4799 573 4841 ut
592 4795 847 4848 retueestlloeder·
883 4799 998 4849 humano
1017 4812 1148 4862 corpure,
1173 4815 1225 4851 nun
1245 4815 1259 4851 ι
1278 4802 1411 4858 metuitis,
1440 4811 1469 4852 ut
1491 4805 1538 4854 lir-

197 4870 266 4929 letn,
285 4869 332 4921 sed
352 4870 500 4918 Stoicorum
521 4870 564 4922 tile
582 4867 747 4944 ἀδιάφορα,
766 4874 848 4938 indi!—
883 4885 982 4929 nestros
1002 4882 1124 4940 optarius
1144 4886 1203 4937 est,
1225 4882 1331 4931 ducta.»
1354 4882 1488 4940 Waarn.)
1503 4909 1536 4919 -

195 4951 328 5015 ferentia,
348 4959 415 5012 quse
429 4948 461 4998 ed
476 4948 640 5011 discipiiasrn
655 4956 778 5006 moralem
792 4969 844 5006 aon
882 4954 942 5018 [uso
961 4962 986 5007 et
1003 4956 1132 5022 aequatis]
1153 4960 1208 5010 Cis.
1229 4961 1262 5011 de
1282 4960 1355 5011 Oret.
1370 4963 1403 5020 2,
1419 4964 1468 5018 15,
1484 4964 1534 5014 bi:

198 5032 345 5091 pertinent,
385 5029 411 5078 ln
447 5027 543 5090 qulbus
580 5040 666 5084 ternen
697 5036 747 5086 aiis
782 5042 846 5086 suut
880 5051 962 5102 penus
988 5041 1118 5090 orationis
1145 5040 1233 5104 [muna
1261 5046 1339 5103 atque
1369 5047 1483 5092 tractum
1512 5048 1537 5094 et

196 5112 383 5181 προηγμένα,
400 5107 559 5170 praeposita
577 5111 616 5163 set
627 5114 789 5178 praecipua,
814 5122 845 5167 at
881 5131 941 5167 runs
959 5116 1066 5169 unitate
1077 5118 1196 5183 quodum
1208 5119 1342 5184 aequabili
1351 5120 1493 5187 profluens.
1504 5146 1535 5159 -
