3725 5892
559 504 679 570 iuuit
699 503 740 570 Π.
785 504 859 591 Cap.
882 505 936 570 te.
959 506 1011 572 87.
1035 503 1087 570 88.
1111 502 1164 569 39.
1416 515 1424 528 ·
1476 503 1537 568 108

205 665 313 730 hatur:
336 661 392 730 sed
414 660 469 729 uhi
493 665 625 731 subacto
646 667 724 731 orbe
746 670 778 730 et
798 662 929 731 aemulis
950 666 1083 730 urbibus
1103 663 1272 748 regibusve
1310 661 1425 729 excisis
1451 681 1542 729 seem

203 797 255 843 ras
277 796 355 862 opes
376 778 597 864 concupiscere
619 799 754 845 racunm
774 776 846 855 tuit,
877 780 978 865 prima
1010 779 1092 843 inter
1124 785 1229 865 patres
1257 773 1445 862 plebemque
1474 796 1541 842 cer·

204 890 319 956 irmina
340 911 497 959 exarsere.
519 889 614 958 modo
637 890 807 958 turbulenti
828 889 963 967 tribuni,
984 889 1080 957 modo
1110 891 1255 955 consules
1287 887 1479 974 praevalidi,
1510 895 1543 954 ot

204 1003 239 1069 in
251 1006 331 1070 urbe
345 1025 382 1070 ac
395 1005 467 1071 loro
482 1013 672 1072 tentamenta
687 1003 825 1070 civilium
838 1003 1003 1078 bellorum,
1025 1023 1102 1069 mox
1116 1023 1134 1069 e
1149 1000 1241 1090 plebe
1254 1000 1360 1068 intima
1376 1003 1413 1067 G.
1427 1001 1542 1068 hierius

206 1124 237 1182 et
256 1115 411 1184 nobilium
434 1116 633 1184 saevissimus
654 1117 770 1184 Lucius
792 1116 877 1183 Sulla
897 1118 1011 1182 rictam
1038 1117 1134 1182 ermis
1155 1115 1331 1181 libertatem
1353 1114 1386 1181 in
1400 1115 1565 1182 dominat

205 1231 323 1297 tionem
354 1239 529 1298 verterunt.
563 1238 636 1315 post
663 1251 742 1318 quos
774 1234 833 1297 Gn.
864 1229 1034 1313 Pompeius
1066 1227 1237 1306 occultior,
1270 1250 1334 1295 non
1362 1227 1485 1295 melior.
1511 1234 1543 1294 et

205 1363 365 1429 nunqnam
386 1353 494 1431 postea
516 1343 576 1409 nisi
598 1346 637 1409 de
658 1342 834 1430 principatu
855 1342 1043 1429 quaesitum.
1065 1362 1130 1409 non
1144 1340 1318 1408 discessere
1340 1339 1379 1407 ab
1393 1345 1488 1408 armis
1509 1341 1542 1407 in

205 1456 365 1524 Pharsalia
386 1475 422 1522 ac
443 1455 595 1542 Philippis
616 1455 730 1522 civium
751 1455 910 1541 legiones:
946 1453 1062 1521 nedum
1085 1454 1218 1521 Othonis
1239 1474 1276 1520 ac
1303 1453 1420 1522 Vitellii
1449 1475 1540 1522 exer-

206 1571 285 1636 citus
319 1578 431 1655 sponte
462 1569 594 1656 posituri
630 1567 749 1635 bellum
784 1566 914 1635 suerint.
948 1566 1058 1635 eadem
1093 1566 1164 1635 illos
1198 1571 1292 1634 deum
1324 1566 1396 1646 ira,
1431 1570 1541 1635 eadern

207 1682 371 1749 bominum
392 1680 517 1759 rabies,
551 1678 679 1747 eaedem
711 1680 865 1748 scelernm
897 1702 1009 1748 σεαεεο
1036 1681 1070 1748 in
1099 1680 1286 1747 discordiam
1317 1701 1425 1767 egere.
1455 1683 1579 1766 qnodtt

207 1793 339 1880 singulis
358 1794 446 1861 velut
466 1792 579 1861 ictibus
601 1803 758 1861 hanseris
778 1803 851 1861 sunt
869 1793 964 1872 heila,
987 1794 1111 1880 ignavia
1132 1793 1308 1882 principum
1336 1793 1452 1862 lactum
1481 1805 1539 1863 est.

206 1905 262 1974 sed
283 1928 334 1974 me
356 1917 495 1974 veterum
526 1929 744 1994 novorumque
772 1930 898 1976 morum
926 1906 1083 1995 reputatio
1117 1906 1242 1992 longius
1272 1905 1358 1974 tulit:
1388 1928 1471 1975 nunc
1501 1911 1542 1976 ad

206 2042 312 2088 rerum
335 2020 477 2088 ordinem
498 2024 603 2088 venie.

291 2134 355 2218 (89)
377 2134 524 2201 Proiecto
545 2134 714 2201 Brixellum
737 2135 863 2200 Othone
884 2137 991 2201 honor
1019 2133 1144 2219 imperii
1171 2154 1269 2219 penes
1296 2133 1452 2202 Titianum
1480 2134 1543 2202 lra-

148 2287 156 2308 .
206 2256 298 2321 uem.
320 2249 367 2315 vis
388 2268 425 2314 ao
446 2255 584 2332 potestas
610 2268 708 2334 penes
734 2248 902 2315 Proculum
935 2246 1139 2335 praelectum.
1174 2246 1283 2313 Celsus
1309 2258 1341 2313 et
1372 2248 1580 2329 Paulinus,¹⁸

206 2380 280 2426 curn
300 2361 467 2444 prudentia
489 2379 596 2425 eorum
619 2380 713 2425 nemo
735 2369 887 2437 uteretur,
908 2359 994 2427 inani
1015 2360 1143 2427 nomine
1165 2363 1280 2427 dueum
1301 2360 1420 2428 alienae
1434 2362 1543 2451 culpae

206 2475 501 2561 praetendebantur.
525 2471 642 2538 tribuni
664 2474 927 2561 centurionesque
949 2471 1098 2560 ambigui,
1122 2472 1207 2560 quod
1229 2477 1343 2560 spretis
1358 2476 1542 2567 melioribus

208 2585 370 2653 deterrimi
390 2584 545 2652 valebant.
569 2584 658 2652 miles
679 2589 798 2666 aiaeer;
820 2589 874 2674 qni
889 2594 994 2653 tamen
1007 2585 1090 2653 iussa
1105 2591 1218 2654 ducum
1232 2587 1433 2675 interpretari
1448 2610 1541 2676 quarn

208 2700 336 2788 exsequi
358 2699 475 2765 mallet.
500 2698 680 2783 promoveri
702 2702 742 2765 ad
763 2709 909 2787 quonium
942 2721 961 2766 a
988 2699 1140 2766 Bedriaco
1169 2708 1270 2766 castra
1298 2701 1432 2787 placuit,
1462 2700 1541 2769 adeo

276 2828 303 2876 1.
321 2826 413 2876 emulis
432 2824 471 2875 11.
489 2849 523 2862 -
542 2826 677 2888 septiesve
695 2826 740 2876 ti:
760 2827 913 2892 reqibusqus
925 2837 986 2878 curn
999 2826 1052 2877 iae.
1067 2825 1193 2877 Gronorii
1206 2829 1294 2889 operia
1306 2827 1337 2878 it.
1358 2852 1386 2866 -
1407 2828 1434 2878 8.
1450 2837 1543 2894 portes

207 2895 247 2948 ii.
268 2921 298 2933 -
318 2896 345 2946 i.
366 2904 551 2959 temptamento
569 2896 606 2947 ni.
628 2922 655 2933 -
678 2895 708 2948 ⁶.
728 2897 774 2948 iii:
795 2896 878 2948 Gaius
897 2897 927 2946 it.
949 2920 980 2933 -
999 2898 1026 2948 5.
1045 2898 1135 2948 εειιιιι.
1154 2897 1193 2947 iii.
1212 2922 1245 2932 -
1270 2897 1357 2950 iirbet
1373 2897 1470 2950 lucius
1487 2913 1543 2951 om·

208 2967 287 3017 nibus
306 2966 399 3019 litteris
417 2967 455 3018 ii.
482 2991 514 3002 -
545 2964 571 3017 d.
590 2971 651 3029 posi
668 2980 718 3031 quo
736 2967 774 3018 ii.
794 2967 852 3018 Non
872 2967 948 3018 deest
965 2969 1044 3031 igitur
1061 2980 1143 3030 quos,
1172 2973 1203 3018 nt
1226 2970 1253 3020 in
1273 2970 1361 3029 priore
1380 2969 1431 3019 iio.
1450 2973 1541 3033 opine·

209 3037 286 3088 betur
298 3038 397 3098 nitier,
416 3036 464 3088 sed
478 3038 570 3087 ieviter
582 3051 606 3084 ν.
622 3040 739 3099 corrupit
756 3040 867 3099 scriptor
885 3038 1017 3089 librerias.
1032 3062 1061 3076 -
1082 3034 1132 3087 Gn.
1149 3037 1197 3089 bis
1217 3037 1322 3089 Guneus
1334 3039 1364 3094 ii.
1380 3065 1410 3078 -
1428 3041 1456 3091 7.
1468 3044 1543 3106 prise·

208 3103 297 3171 ειρσιΰ
315 3107 353 3159 Ι.
375 3132 406 3145 -
424 3108 452 3157 8.
472 3107 559 3159 flabat
577 3120 609 3157 σο
630 3107 727 3159 Viteiiit
743 3108 788 3168 ii,
807 3121 859 3159 ron
878 3116 927 3160 eut
947 3111 976 3159 λ’.
996 3108 1058 3172 igr.
1079 3106 1149 3170 spir.
1169 3108 1311 3172 stiirckii.
1327 3135 1356 3147 -
1377 3112 1418 3161 io.
1440 3112 1544 3162 ισειισι

207 3176 897 3239 Ι.-11.αελιιι181.-18.οειιι·οοεοττεοι.81;
926 3178 1030 3239 iuerat,
1049 3185 1079 3228 ut
1097 3179 1217 3238 ridetur.
1241 3182 1339 3231 veniet.
1371 3182 1451 3233 Haud
1469 3193 1544 3245 sper·

209 3248 324 3300 undum
344 3248 410 3300 leret
427 3250 540 3300 oesiam.
561 3248 613 3300 On.
633 3273 663 3286 -
684 3249 727 3299 15.
748 3249 834 3300 iiabet
852 3247 947 3304 cicli.
969 3263 1022 3300 non
1044 3251 1086 3300 tus
1108 3249 1180 3300 lieri.
1202 3250 1254 3302 ies.
1278 3250 1365 3302 Gueil.
1385 3254 1455 3316 Spir.
1472 3254 1541 3310 lidd·

209 3328 269 3371 ante
281 3319 410 3383 [ipsium.
428 3343 458 3356 -
479 3319 522 3370 18.
540 3318 681 3384 interituri
692 3319 731 3369 bi.
750 3344 784 3354 -
805 3321 847 3371 iii.
866 3315 959 3384 ιοιρΐιι·
975 3321 1005 3373 ti
1022 3332 1081 3372 rom
1100 3319 1146 3371 iio.
1166 3325 1312 3375 transversa
1330 3326 1357 3374 in
1373 3324 1424 3376 iitt.
1437 3339 1464 3390 q.

210 3429 257 3491 qui
276 3428 381 3490 cuipam
400 3427 528 3479 maiorum
547 3430 573 3478 in
593 3428 639 3478 bos
663 3428 744 3479 duces
768 3426 857 3479 eonie·
893 3423 927 3477 ds
946 3424 1181 3497 recumpenset
1199 3430 1250 3482 καλ
1264 3431 1544 3503 κατεστρατοπεδευ-

209 3509 311 3560 seirent.
331 3506 467 3559 burseri.
481 3507 522 3557 Ad
536 3520 591 3560 rem
606 3507 854 3559 itePiutarehus'is
893 3519 945 3557 οεν
974 3500 1033 3557 ciro
1069 3503 1252 3573 πεντήκοντα
1284 3507 1410 3562 σταδίων
1450 3507 1545 3576 οὕτως

203 3581 356 3653 Ἔπεμψεν
374 3580 431 3640 οὖν
450 3584 585 3639 Τιτιανὸν
602 3586 649 3640 ἐτι
666 3585 703 3639 τὰ
720 3585 857 3659 asperari·
893 3582 1053 3657 ἀπείρως
1071 3586 1135 3637 και
1152 3584 1449 3655 καταγελάστως,
1469 3584 1544 3644 οἷστε

208 3683 288 3732 ματα
318 3665 372 3718 τὸν
401 3662 530 3729 ἀδελφὸν
559 3667 609 3717 καλ
638 3662 774 3738 Πρόκλον
803 3666 857 3719 τὸν
894 3666 947 3729 τῆς
969 3664 1025 3728 μὲν
1051 3658 1130 3736 ὥρας
1151 3662 1270 3734 ἐαρινῆς
1294 3661 1403 3734 οὔσης.
1431 3669 1489 3722 τῶν
1512 3667 1544 3722 dl

210 3740 351 3816 ἷταρχον,
370 3741 405 3809 ὂς
423 3742 500 3809 εἶχεν
518 3740 595 3816 ἴργιρ
613 3744 668 3811 τήν
690 3745 789 3797 πᾶσαν
808 3740 858 3817 α’ρ·
894 3740 992 3816 ιςύιιλιρ
1010 3741 1116 3794 πεδίων
1133 3742 1226 3795 πολλὰ
1244 3746 1362 3813 νάματα
1381 3749 1432 3800 καλ
1455 3764 1544 3802 τοτα·

209 3821 276 3891 χήν,
295 3822 456 3892 πρόσχημα
473 3822 498 3874 d’
510 3816 547 3891 ἦν
565 3819 583 3875 ὁ
602 3823 754 3888 Τιτιανός·
779 3825 811 3876 οἱ
827 3822 857 3875 ti
892 3818 970 3887 μούς
987 3817 1132 3886 ἀεννάους
1149 3819 1288 3886 ἐχόντων,
1313 3822 1422 3892 ὕδατος
1439 3827 1545 3881 σπάνει

210 3907 273 3975 sept
300 3904 354 3955 τόν
376 3903 491 3955 Κέλσον
516 3903 566 3954 καλ
595 3902 741 3956 Παυλῖνον
762 3898 857 3968 ἄλλως
894 3899 1052 3964 reticebat.
1073 3901 1178 3953 iieeren
1197 3904 1351 3965 quidemde
1371 3906 1488 3959 lontibus
1506 3911 1544 3960 ri·

210 3981 381 4045 doctisono
395 3978 573 4048 συμβούλων
583 3974 680 4046 ὄνομα
692 3985 741 4034 καλ
751 3983 857 4047 φίλων,
895 3987 979 4030 terum
999 3980 1142 4031 Plutarchi.
1170 3981 1309 4048 Gottingae
1332 3985 1410 4037 1828.
1434 4002 1461 4052 p.
1482 3987 1544 4039 188.

210 4059 412 4125 ignavissumi
430 4060 557 4127 δύναμιν
573 4059 606 4112 ἐν
630 4067 693 4127 τοῖς
706 4061 857 4131 πράγμασι
894 4060 988 4110 Tacito
1007 4066 1033 4112 et
1051 4059 1178 4112 Suetonio
1204 4076 1265 4114 euni
1292 4078 1343 4116 nnn
1370 4081 1447 4118 usutn
1476 4070 1545 4120 arbi·

210 4139 357 4208 μηδεμιαν
375 4134 503 4203 ἔχοντες.
525 4165 553 4180 -
573 4141 647 4190 iusso
662 4143 757 4192 ducum
775 4145 857 4191 tuter·
894 4146 987 4189 tratur.
1007 4140 1123 4203 Quodsi
1144 4147 1199 4202 est,
1227 4150 1298 4195 certe
1318 4159 1408 4199 omnes
1428 4155 1480 4200 tres
1500 4150 1545 4198 iis·

208 4217 324 4283 ρτειοει]
350 4222 484 4283 inquirere
508 4221 534 4269 in
563 4232 655 4271 caum
681 4223 804 4271 iussionis
831 4225 858 4271 ei
896 4221 956 4271 ticin
974 4220 1132 4272 calentibus
1146 4221 1300 4274 hauserunt.
1319 4224 1544 4290 Pluterchnsipre

212 4300 346 4361 erpiorars
364 4311 395 4349 ac
415 4298 570 4361 ponderare,
591 4313 668 4364 quam
685 4301 796 4363 simplici
812 4299 857 4350 ob·
895 4304 921 4352 in
941 4298 1022 4350 (latha
1042 4298 1072 4350 G·
1091 4301 1135 4350 27.
1157 4307 1183 4352 et
1207 4306 1233 4353 tn
1256 4302 1361 4356 Othone
1380 4304 1410 4356 C·
1430 4308 1456 4358 ii.
1476 4307 1544 4358 usui·

212 4380 327 4431 attentis
354 4386 469 4440 patrare.
496 4378 571 4429 hirs.
598 4404 626 4417 ·-
653 4379 690 4430 ed
720 4375 856 4442 quartum]
896 4385 936 4430 tos
954 4382 1084 4431 sirarios
1109 4393 1167 4432 sese
1194 4382 1355 4436 eonsuitssse
1380 4393 1479 4437 monet.
1511 4387 1543 4439 in

212 4458 337 4522 lapidem,
356 4457 512 4509 Cremonam
532 4469 633 4510 rorans.
663 4459 700 4509 sii
718 4458 858 4510 Piutareho
896 4458 958 4510 Oib.
970 4458 997 4512 8.
1020 4458 1377 4524 CiurtumRuluruappeiiet.
1391 4464 1457 4516 (1.8.
1473 4478 1544 4517 eom·

212 4539 254 4589 11.
270 4537 399 4589 scriberes
417 4536 455 4586 ud
480 4542 591 4590 ιεοιιιιιι.
620 4538 686 4591 Nam
708 4539 752 4591 ilie
780 4541 857 4601 quin·
896 4540 1046 4591 memoratis
1065 4542 1160 4600 muris,
1181 4544 1542 4608 cursapientibusPauiini‚

213 4620 335 4681 quaginta
363 4617 448 4668 stadia
474 4624 604 4670 numerat.
637 4618 689 4670 Sed
717 4627 744 4670 et
770 4619 858 4681 pauiio
896 4618 981 4674 Geisi.
1001 4617 1542 4687 Gaiiieonsiiiisnonobtemperaritotho,

213 4705 280 4761 post,
306 4697 351 4748 ubi
376 4696 486 4748 Tacitus
513 4696 585 4748 xvi.
604 4698 642 4748 it.
662 4697 692 4747 P.
717 4705 858 4758 numerat,
896 4698 985 4749 addita
1005 4697 1062 4749 Kal
1081 4697 1171 4751 τοῦτο
1194 4699 1250 4765 μὲν
1275 4701 1403 4769 διηγεῖτο
1422 4702 1545 4757 Σεκοῦν-

213 4777 306 4828 Graeci
325 4776 445 4829 eiusdem
464 4780 659 4839 computatione
677 4776 738 4826 xii.
756 4786 858 4828 uotum
895 4769 980 4840 δοςὸ
1005 4771 1102 4847 ῥήτωρ
1124 4776 1171 4830 dri
1197 4779 1255 4830 τῶν
1276 4778 1436 4832 ἐπιστολῶν
1461 4780 1544 4850 γενό·

213 4857 374 4908 efficiuntur.
393 4855 465 4907 iiihil
484 4862 570 4907 tamer
589 4870 637 4920 ero
655 4864 764 4908 mutem.
783 4857 857 4909 iras.
895 4871 985 4924 μενος
1004 4855 1059 4907 τοῦ
1070 4851 1207 4922 Ὄθωνος,
1227 4863 1302 4910 euius
1316 4866 1495 4913 commentarii
1509 4863 1543 4918 dr

215 4962 244 4975 -
263 4937 329 4988 adeo
345 4933 474 5000 imperite]
495 4937 593 4987 ‘ictum
613 4936 640 4986 h.
660 4935 678 4986 l.
697 4936 730 4987 ed
749 4937 857 4990 terbum
897 4939 954 4987 eius
973 4935 1051 4986 rebus
1070 4938 1197 4990 exstitisse
1215 4941 1347 4991 ridentur.
1367 4940 1491 5005 Denique
1510 4942 1543 4996 C.

213 5015 370 5067 Plutarchus
389 5019 523 5079 erprssrit,
542 5024 572 5067 ut
586 5015 711 5078 pleraque
724 5017 773 5068 aiia
787 5029 794 5065 ι
810 5017 859 5067 etsi
897 5015 941 5066 it.
961 5020 1056 5067 testem
1074 5015 1207 5067 oculatum
1226 5019 1318 5081 proelii
1345 5019 1540 5086 Bedriacensis,

213 5095 283 5148 haud
302 5095 627 5148 muitumaetate‘iacito
646 5095 858 5146 interlunium.
897 5094 1037 5146 liertrium
1052 5095 1157 5148 Piorum
1176 5097 1337 5149 consularem
1363 5099 1480 5153 adducit.
1509 5104 1543 5155 iit

215 5175 294 5231 Petet
310 5175 370 5228 hir:
389 5173 557 5250 προήγαγεν
569 5167 683 5238 edred:
696 5168 713 5228 ὁ
726 5171 860 5246 Πρόκλος
897 5175 945 5228 hes
968 5175 1077 5240 quidem
1103 5179 1221 5229 nominat
1247 5176 1366 5243 iissren;
1391 5191 1445 5235 aen
1467 5188 1543 5236 norat
