3725 5892
603 510 723 577 LIBER
742 508 796 577 lv.
837 506 1043 575 Excunsus
1063 508 1105 574 11.
1129 509 1185 581 ΠΙ.
1430 517 1436 529 ’
1483 511 1544 577 201

207 663 305 747 ἀγρόν
324 685 413 738 τινα,
431 668 600 728 κάνταῦθα
613 674 655 733 εἰς
670 667 822 747 μνημεῖον
840 666 998 748 ὑπόγειον,
1018 667 1282 748 τιροκοττατερήοας
1301 664 1397 740 αὑτό,
1416 668 1543 729 κατέδυ·

206 750 261 812 καί
283 760 313 814 σί
332 755 391 834 μὲν
408 752 505 828 ᾤοντο
526 750 669 811 κάκεῖνον
689 750 898 822 ἀπολωλέναι,
919 753 937 812 ὁ
958 751 990 813 δέ
1006 753 1150 833 ἐκρύφθη
1172 775 1203 814 τε
1225 753 1257 814 ἐν
1275 753 1360 829 αὐτῷ
1382 754 1470 815 ίννία
1492 751 1545 830 ἔτη

206 842 285 918 μετὰ
302 845 355 917 τῆς
371 836 516 918 γυναικὸς
533 835 588 898 καί
607 836 720 904 παῖδας
736 839 768 911 ἐξ
786 840 882 915 αὐτῆς
905 837 961 898 δύο
983 835 1117 919 ἄρρενας
1136 838 1253 913 ἐκύησε.

283 923 349 1000 (66,
370 925 429 1001 16.)
444 944 452 981 :
468 923 501 984 ‘0
524 923 655 1003 Σαβῖνος
677 923 788 989 ἐκεῖνος
808 924 825 980 ὁ
843 923 1000 998 Γαλάτης,
1020 926 1038 983 ὁ
1057 924 1206 1002 Καίσαρά
1221 946 1293 985 ποτε
1307 922 1417 986 ἑαυτὸν
1429 924 1547 1005 ὀνομά·

206 1030 280 1078 σας,
301 1006 357 1067 καί
380 1010 410 1076 ἐς
437 1007 515 1069 ὅπλα
533 1007 697 1089 χωρήσας,
715 1008 860 1082 ἡττηθείς
880 1030 913 1067 τε
936 1008 991 1068 καὶ
1013 1010 1043 1075 ἐς
1066 1007 1102 1067 τὸ
1120 1010 1271 1089 μνημεῖον
1296 1010 1546 1089 κατακρυφθτίς,

187 1093 390 1172 .ίφανερώθη
409 1090 516 1153 τεκαὶ
535 1094 565 1159 ἐς
583 1091 641 1167 τήν
659 1091 779 1172 Ῥώμην
800 1091 944 1172 ἀνήχθη·
977 1094 1175 1155 συναπέθανε
1193 1092 1224 1154 δὲ
1247 1098 1331 1170 αὐτῷ
1350 1093 1405 1154 καὶ
1429 1095 1450 1169 ἡ
1471 1092 1547 1172 γυνθ

206 1178 380 1248 Πειιονίλα,
398 1178 473 1256 ἥπερ
488 1198 547 1237 σου
559 1175 613 1236 καλ
628 1175 796 1238 διεσώσατο
809 1177 924 1238 αὐτόν·
945 1181 1047 1239 καίτοι
1062 1178 1117 1239 καί
1134 1179 1175 1239 τά
1192 1180 1301 1240 παιδία
1320 1185 1363 1255 τῷ
1377 1184 1547 1240 οῦεσπασι-

207 1266 272 1337 ανῷ
294 1267 497 1346 τιροβαλοῦσα
519 1259 575 1323 καί
598 1263 803 1323 ε’λαινότατον
826 1264 871 1323 ἐπ’
890 1265 996 1332 αὐτοῖς
1013 1265 1103 1344 λόγον
1122 1271 1251 1338 εἰποῦσα
1271 1264 1317 1328 ὅτε
1331 1271 1447 1336 ταῦτα,
1468 1265 1548 1324 Καῖ-

206 1368 287 1426 σαρ,
307 1348 361 1408 καί
382 1348 530 1427 ἐγέννησα
551 1348 584 1408 ἐν
603 1350 645 1420 τῷ
663 1349 804 1427 μνημείῳ
820 1346 873 1408 καὶ
891 1346 1036 1428 ἔθρεψα,
1063 1352 1116 1410 ἰ’να
1135 1373 1168 1411 σε
1187 1352 1318 1418 πλείονες
1335 1351 1546 1429 ίκετεύσωμεν.

206 1431 360 1513 δακρῦσαι
376 1436 434 1513 μὲν
449 1435 509 1513 γὰρ
524 1429 619 1492 αὐτὸν
630 1431 686 1492 καὶ
699 1431 770 1499 τούς
789 1431 899 1500 ἄλλους
914 1435 1073 1508 ἐποίησεν,
1092 1436 1129 1494 ού
1144 1441 1249 1514 μέντοι
1270 1435 1325 1495 καὶ
1357 1436 1547 1511 ἠλεήθησαν.

279 1521 357 1578 Mhi!
376 1519 445 1577 novi
464 1521 568 1577 εῦεασ
587 1523 741 1591 potuerunt
761 1519 902 1577 Socousso
934 1519 1059 1577 Histoire
1082 1524 1116 1577 όι
1133 1522 1225 1579 Julius
1244 1520 1366 1580 δαδίκιιι
1384 1529 1411 1578 ετ
1429 1520 1549 1593 &Eppo-

204 1607 273 1662 κίττα
291 1622 325 1661 τα
351 1609 457 1677 [εοεαε.
496 1605 641 1666 moires
666 1608 699 1661 αι
717 1604 875 1662 ίαταόέικίι
899 1607 947 1661 ιλιι
966 1608 1146 1679 τ’κταίρίέονττ
1165 1609 1215 1665 vl.
1236 1626 1266 1682 p.
1288 1607 1355 1666 676.
1376 1611 1407 1665 αλ
1426 1606 1549 1680 Thierry

204 1689 326 1749 Ηέεέσθι
344 1692 390 1748 dos
410 1687 525 1750 ίὶατιίοέε
543 1679 598 1752 Ed.
618 1689 675 1749 111.
702 1689 761 1751 Vol.
781 1688 837 1748 111.
859 1709 889 1765 ρ.
909 1688 977 1748 W.

570 2042 775 2109 EXCURSUS
798 2043 854 2109 ΠΙ.
877 2046 929 2109 λλ)
953 2045 987 2111 C.
1011 2042 1186 2109 Lxxxul‘

208 2156 388 2222 (ὶυιετειεστ
409 2155 533 2238 serapia
554 2163 582 2219 τί
602 2175 656 2220 εστι
676 2158 802 2240 σνίρίοε.
847 2158 1002 2222 Βσεεουε
1026 2158 1156 2224 Οειιυνοι
1175 2158 1211 2222 όν
1234 2159 1343 2224 Tacite.
1367 2163 1404 2226 V.
1425 2177 1455 2247 p.
1477 2162 1548 2232 532

279 2278 312 2337 ss·
330 2278 386 2336 ίόο
404 2293 532 2350 εοειρανε
553 2277 645 2335 Tacito
665 2296 728 2336 αοεο
751 2281 924 2345 lui-me,
956 2295 993 2336 στι
1010 2296 1093 2337 σεννα
1111 2297 1163 2352 que
1186 2287 1265 2338 κοίτε
1289 2288 1404 2354 αιιίειιτ,
1434 2290 1492 2344 ίωιί
1515 2301 1549 2341 αι

208 2365 350 2438 όίτίρτατί
368 2364 526 2422 claimant
544 2379 646 2420 εστιωε
666 2363 778 2437 Serapis
797 2366 822 2421 ίε
841 2365 904 2421 όίειι
929 2367 996 2421 όσιιτ
1014 2366 1038 2422 τί
1064 2373 1174 2423 ναοοκίε
1199 2367 1343 2440 ίόνίρίνι,
1375 2369 1437 2424 νιόιι
1454 2386 1549 2428 νετοα·

206 2454 267 2508 νισίί
290 2467 343 2524 ραι
364 2451 453 2507 moins
475 2451 505 2508 ία
523 2449 704 2522 ρτίιαίιλενιιι
726 2451 791 2506 όίιτι
809 2452 873 2506 ότέιι
893 2451 1016 2532 dmum
1043 2454 1077 2507 όι
1104 2469 1132 2509 τι
1152 2468 1231 2517 τοττι,
1260 2454 1346 2510 αόσνί
1366 2470 1431 2513 αοει
1450 2454 1503 2513 ίείι
1530 2457 1549 2514 ό

209 2535 356 2601 Rhacotis,
391 2536 565 2608 ίοιιρ·ίετιρε
586 2542 671 2593 αυαιιτ
691 2536 721 2593 ίσ
742 2536 889 2605 [οαόαίίωι
918 2536 1124 2594 &Alexandria
1165 2536 1234 2595 έείίε
1253 2539 1434 2610 ρτίιαίιίνιιιε
1454 2548 1494 2597 ιιι
1515 2544 1549 2597 όι

206 2625 290 2680 στένει
309 2622 509 2694 ιαρίίεέίετιειιί
531 2638 567 2678 οτι
591 2622 796 2693 implicitam
818 2624 923 2678 αόοιίτι
947 2639 1003 2693 ραν
1025 2623 1054 2680 λα
1080 2624 1195 2695 paupert
1216 2625 1262 2681 όιε
1285 2628 1395 2683 στείνει
1423 2629 1472 2698 φιτ·
1501 2635 1548 2685 ατί

208 2708 301 2766 mend
321 2726 350 2765 οι
370 2708 448 2779 ταχεί.
490 2705 812 2764 &mmmmm
825 2706 864 2781 1),
886 2714 960 2764 entre
979 2715 1085 2773 αιιίνα,
1107 2710 1148 2765 du
1166 2725 1217 2781 φιτ
1235 2710 1549 2784 λαείαλιιιαργοτλίιόε

207 2790 309 2866 Sinope
329 2780 479 2866 εκίέργρίε
496 2797 540 2864 [τί
558 2792 644 2865 ένίρίε
662 2810 711 2849 ττι·
729 2794 753 2849 le
774 2795 962 2865 ρνοαωιτσίεε
983 2796 1017 2849 όι
1038 2794 1183 2860 Rhacotis,
1204 2812 1243 2852 αι
1262 2796 1318 2853 ίέειι
1337 2800 1421 2855 mne
1438 2799 1475 2854 οδ
1493 2797 1550 2855 ίόιτ

207 2879 325 2936 voudrais
344 2881 368 2936 ίι
387 2880 483 2951 temple
508 2880 541 2936 όι
565 2876 687 2951 serapis.
729 2876 823 2947 Οιιααί
842 2879 861 2935 ό
882 2878 1084 2953 Ρίυέσνηιιεί),
1114 2881 1137 2937 ίί
1161 2880 1268 2939 όίτίανε
1286 2883 1473 2955 petitionem
1496 2899 1548 2956 ηειε
1579 2886 1587 2904 “

275 3100 303 3168 1)
321 3101 478 3163 ΡτολεεριΙο.
497 3096 527 3165 β.
547 3096 593 3150 48.
613 3111 640 3161 ρ.
656 3095 701 3148 λλ.
720 3098 790 3150 rou.
802 3112 810 3150 τ
824 3095 879 3151 Ὃν
895 3098 932 3165 δή
953 3099 1016 3151 κατ’
1035 3096 1142 3166 ἐξοχὴν
1158 3098 1234 3174 πρὸς
1250 3098 1367 3154 πάντων
1388 3104 1546 3173 σεβασμοῦ

207 3179 428 3249 κατηξιωμένον
450 3176 621 3245 ἀκούομεν,
651 3177 760 3231 τοῦτον
784 3173 1015 3251 ἀχειροποίητον
1040 3181 1132 3234 εἰπεῖν
1156 3178 1390 3248 τετολμήκασιν,
1419 3181 1476 3236 τόν
1499 3182 1548 3236 ,έλ-

206 3260 330 3330 γύττιον
347 3258 490 3336 Σάραπιν.
520 3260 552 3312 ol
573 3258 629 3325 μέν
646 3256 704 3331 γάρ
720 3255 815 3312 αύτὸν
834 3257 988 3331 ίστορσῦσι
1013 3255 1207 3330 χαριστήριον
1224 3254 1285 3312 ύκό
1303 3261 1457 3316 Σινωπέων
1472 3263 1549 3318 Πτο·

207 3343 317 3413 λιμαίφ
342 3341 383 3410 τῷ
407 3339 577 3409 Φιλαδέλφῳ
601 3337 641 3406 τῷ
657 3336 822 3406 Αίγυντίων
846 3339 1019 3406 πεμφθῆναι
1044 3337 1178 3404 βασιλεῖ,
1205 3336 1240 3404 ὃς
1256 3336 1330 3408 λιμῷ
1347 3344 1548 3414 τρυχομένους

206 3419 336 3488 αύτούς,
362 3415 413 3475 ἀπ’
430 3419 580 3488 Αἰγύπτου
597 3420 874 3485 μεταπεμψάμενος
897 3424 982 3472 σῐτον
1001 3413 1019 3471 ὀ
1038 3418 1222 3485 Πτολεμαῖος
1245 3415 1445 3487 ἀνεκτήσατο·
1472 3419 1548 3477 ελναε

206 3503 238 3556 δέ
255 3499 290 3556 τό
309 3498 419 3568 ξόανον
435 3500 526 3554 τοῦτο
547 3491 669 3568 ἀγαλιια
692 3498 890 3561 Πλούτωνος·
919 3492 956 3563 ὃς
980 3494 1140 3564 δεξάμενος
1163 3497 1218 3551 τόν
1241 3491 1400 3571 ἀνδριάντα
1422 3499 1471 3554 snt
1494 3502 1548 3571 τῆς

206 3576 315 3656 ἄκρας,
343 3576 383 3649 ἧν
403 3580 459 3633 νῦν
471 3574 614 3632 Ῥακῶτιν
631 3577 795 3641 καλοῦσιν,
815 3572 890 3630 ἔνθα
906 3580 958 3630 καλ
976 3575 1009 3630 τύ
1029 3574 1110 3650 ίερόν
1127 3580 1282 3647 τετίμηται
1298 3577 1353 3631 τοῦ
1371 3578 1546 3653 Σαράτιδος,

208 3662 320 3731 γειτνιᾷ
345 3660 376 3713 δέ
398 3666 462 3724 τοῖς
488 3655 590 3722 τόποις
614 3656 648 3709 τό
675 3660 794 3729 χωρίον.
825 3652 920 3710 Ἄλλοι
945 3655 977 3709 δέ
1002 3673 1079 3723 φασι
1096 3656 1245 3711 Ποντικόν
1269 3653 1344 3710 ελναι
1367 3658 1476 3731 βρέτας
1492 3660 1547 3714 τόν

206 3739 357 3814 Σάραπιν,
388 3736 536 3808 μετῆχθαι
566 3736 598 3789 δέ
625 3739 668 3801 είς
690 3732 899 3808 Ἀλεξάνδρειαν
924 3737 1001 3804 μετά
1030 3738 1116 3805 τιμῆς
1143 3735 1355 3812 πανηγυρικῆς.
1403 3736 1545 3815 Ἰσίδωρος

205 3818 300 3887 μόνος
325 3819 406 3892 παρὰ
432 3818 596 3872 Σελευκέων
621 3815 679 3869 τῶν
705 3814 780 3890 πρὸς
801 3812 977 3881 Ἀντιόχειαν
993 3813 1029 3870 τό
1048 3812 1168 3885 ἀγαλμιι
1184 3815 1369 3884 μεταχθῆναι
1384 3817 1477 3886 λέγει,
1512 3817 1546 3871 έν

207 3898 338 3971 σιτοδιίρ
354 3901 406 3952 καλ
423 3895 522 3952 αὐτῶν
539 3899 706 3966 γενομένων
723 3897 773 3948 καί
791 3890 850 3948 ύπό
871 3895 1059 3963 Πτολεμαίου
1075 3894 1304 3968 διατροφέντων.

276 3994 304 4063 2)
323 3997 356 4051 δε
375 3997 446 4048 Indo
465 4003 492 4050 ετ
510 3995 579 4049 ουτ.
607 3994 638 4046 G·
663 3994 707 4045 28.
734 4006 760 4057 ρ.
780 3992 848 4046 λόει
868 3992 919 4044 Εό.
943 3993 1072 4047 υαεοοα
1103 3992 1285 4060 Πόολεμαίος
1309 3988 1448 4071 ὁΣωτήρ
1470 3991 1545 4073 ὄναρ

207 4074 264 4132 ελδε
281 4075 335 4133 τόν
352 4074 386 4129 έν
402 4071 518 4148 Σινώπη
536 4074 591 4128 τοῦ
608 4073 783 4138 Πλούτωνος
800 4069 968 4137 κολοσσόν,
996 4069 1053 4126 ούκ
1074 4070 1288 4139 ἐπιστάμενος,
1316 4068 1387 4126 ούδλ
1410 4073 1547 4146 ίωρακὸς

208 4155 372 4232 πρότερον,
403 4151 468 4220 οίος
491 4149 529 4223 ήν
554 4152 611 4221 τήν
635 4151 773 4225 μορφήν,
803 4151 963 4206 κελεύοντα
989 4155 1113 4221 κομίσαι
1139 4151 1194 4220 τήν
1220 4155 1363 4219 ταχίστην
1386 4151 1480 4208 αύτόν
1503 4158 1546 4223 είς

208 4233 426 4310 Ἀλεξάνδρειαν.
446 4228 608 4303 Ἀγνοοῦντι
624 4232 649 4285 δ’
660 4229 741 4301 αύτῷ
757 4233 809 4286 καὶ
825 4228 1002 4302 ἀποροῦντι,
1019 4233 1079 4287 ποῦ
1088 4232 1278 4306 καθίδρυται
1296 4235 1346 4286 καλ
1363 4231 1546 4310 διηγουμένη

209 4323 271 4383 τολς
282 4316 381 4383 φίλοις
393 4314 448 4383 τὴν
460 4308 555 4380 όψιν,
574 4306 682 4386 εύρέθη
699 4310 886 4379 πολυπλανὴς
904 4305 1074 4385 ἅνθρωπος,
1094 4307 1192 4379 ὄνομα
1203 4313 1365 4378 Σωσίβιος,
1384 4313 1418 4368 έν
1428 4315 1544 4397 Σινώπη

208 4394 343 4465 φάμενος
361 4394 523 4468 έωρσικέναι
538 4391 677 4445 τοιοῦτον
695 4389 859 4457 κολοσσόν,
888 4388 955 4444 ολον
971 4387 989 4445 ὁ
1007 4390 1148 4458 βασιλεῦς
1165 4392 1235 4444 ίδιτν
1251 4386 1362 4458 ἔδοξεν.
1391 4387 1545 4465 Ἔπεμψεν

208 4469 263 4530 σύν
280 4474 396 4542 Σωτέλη
415 4476 466 4526 καλ
483 4468 648 4531 Διόνυσον,
679 4472 710 4524 οἳ
729 4468 829 4543 χρόνῳ
846 4470 942 4540 πολλῷ
960 4472 1010 4523 καλ
1026 4470 1128 4538 μόλις,
1157 4468 1215 4525 ούκ
1240 4467 1312 4525 ἀνευ
1333 4477 1437 4539 μέντοι
1460 4477 1544 4546 θείας

209 4558 364 4628 προνοίας,
382 4547 497 4621 ἤγαγον
515 4549 720 4617 ἐκκλέψαντες.
757 4545 833 4602 Ἐπεί
850 4548 881 4603 δε
899 4549 1053 4616 κομισθείς
1070 4545 1177 4618 ὤφθη,
1206 4547 1408 4619 συμβαλόντες
1427 4557 1459 4609 οἱ
1476 4559 1541 4633 τερλ

209 4633 357 4701 Τιμόθεον
382 4630 436 4684 τὸν
462 4628 609 4699 ίξηγητήν
632 4632 682 4681 καί
709 4629 876 4682 Μανέθωνα
898 4627 953 4683 τὸν
970 4631 1141 4698 Σιβεννίτην
1158 4627 1333 4697 Πλούτωνος
1350 4627 1388 4686 όν
1403 4629 1541 4704 ἄγαλμα,

208 4713 248 4783 τῷ
266 4711 404 4786 Κερβέρῳ
421 4706 650 4784 τεκμαιρόμενοι
665 4711 716 4762 καλ
734 4707 773 4776 τῷ
790 4707 947 4779 δράκοντε,
976 4707 1111 4763 πείθουσι
1128 4707 1181 4762 τὸν
1197 4707 1399 4777 Πτολεμαῖον.
1427 4706 1467 4777 ώς
1482 4713 1544 4769 ίτί·

209 4808 264 4862 ροο
282 4790 360 4844 θεῶν
378 4784 517 4853 ούδενός.
536 4783 611 4840 ἀλλὰ
628 4784 793 4855 Σαράπιδός
809 4787 899 4841 έστεν.
936 4785 980 4841 Ού
995 4786 1054 4860 γάρ
1070 4787 1182 4840 ἐκεῖθεν
1200 4783 1297 4852 οῦτως
1321 4784 1543 4861 ὀνομαζόμενος

209 4864 297 4938 ἧκεν,
316 4867 378 4922 ἀλλ’
395 4870 437 4934 είς
453 4864 663 4941 Ἀλεξάνδρειαν
680 4867 833 4936 κομισθείς
851 4867 885 4920 τό
904 4878 971 4941 ταρ·
989 4866 1158 4936 Αἰγυπτίοις
1175 4860 1275 4932 ὄνομα
1293 4867 1348 4920 τοῦ
1364 4867 1542 4940 Πλούτωνος

209 4949 356 5018 ίκτήσατο
373 4948 428 5002 τόν
445 4946 584 5019 Σάραττν.
620 4947 678 5000 Καὶ
695 4950 798 5015 μέντοι
813 4943 1000 5019 Ἡρακλείτου
1019 4946 1073 5000 τοῦ
1090 4945 1220 5011 φυσικοῦ
1237 4946 1373 5013 λέγοντος
1385 4944 1476 5017 Ἀιδης
1492 4954 1543 5006 καί

209 5025 354 5091 Διόνυσος
371 5019 476 5094 ούτος,
503 5026 555 5083 ότε
572 5020 629 5082 σύν
645 5030 802 5095 μαίνονται
819 5030 870 5080 καλ
886 5027 1092 5097 ληραίνουσιν,
1123 5029 1166 5092 είς
1189 5022 1302 5093 ταύτην
1320 5023 1470 5097 ύπάγουσι
1487 5030 1542 5102 τήν

209 5107 310 5173 δόξαν.
346 5107 384 5159 01
404 5105 461 5181 γὰρ
486 5101 639 5174 ἀξιοῦντες
661 5105 735 5180 ᾅδην
752 5107 889 5176 λέγεσθαι
905 5105 941 5158 τὸ
965 5108 1053 5172 σῶμα
1074 5109 1129 5173 τῆς
1153 5110 1271 5172 ψυχῆς,
1299 5099 1367 5158 οἷον
1389 5121 1429 5160 πα
1494 5129 1543 5185 ρο.

210 5186 324 5256 νούσης
340 5187 391 5240 καί
406 5184 579 5258 μεθυούσης
595 5185 629 5243 έν
645 5183 745 5258 αύτῷ,
775 5186 919 5261 γλίσχρας
936 5180 1147 5261 ὣληγορσῦσι.
1183 5182 1304 5239 Βέλτιον
1320 5183 1352 5240 δέ
1368 5183 1423 5241 τόν
1484 5208 1542 5268 ιρι,
