3725 5892
559 526 678 592 LIBER
698 524 750 595 lv.
791 522 1016 612 crp.te.t⁰.
1039 516 1167 591 3131.
1467 527 1530 594 tis

196 687 310 755 omissa
330 687 534 773 obpugnandi
555 707 611 772 spe
634 708 743 753 rursus
764 688 944 771 parotium
965 685 1141 763 adsidebat,
1168 682 1284 751 nuntiis
1306 691 1339 752 ct
1365 687 1531 772 promissis

195 798 287 887 tidem
307 799 467 887 legionum
487 799 679 867 convellens.

279 913 339 999 (dli
362 916 449 980 ilaec
470 915 502 979 in
525 912 691 980 Germania
713 920 784 980 aute
805 915 1015 980 Cremonense
1036 913 1191 998 praelium
1212 921 1311 1003 gesta,
1335 915 1425 981 cuius
1438 934 1533 981 even·

196 1037 262 1095 tum
283 1026 405 1094 litterae
426 1028 522 1093 Primi
543 1029 669 1094 Antonii
691 1029 840 1103 docuere,
864 1025 971 1093 addito
994 1026 1145 1093 Caecinae
1166 1025 1281 1095 edicto.
1305 1036 1338 1093 st
1353 1026 1532 1113 praelectus

196 1142 332 1207 cohortis
353 1160 372 1206 e
393 1139 493 1215 victis,
514 1139 658 1225 Alpinius
680 1142 857 1216 Montanus,
880 1140 1036 1206 iortunans
1052 1139 1187 1224 partiurn
1202 1162 1350 1225 praesens
1364 1140 1531 1209 fatebatur.
1542 1178 1556 1220 ι

198 1253 313 1322 diversi
342 1255 416 1320 hine
441 1263 547 1319 motus
573 1254 760 1319 animorum.
790 1251 906 1318 auxilia
936 1275 954 1318 e
982 1255 1091 1328 Gallia,
1122 1253 1192 1340 quis
1220 1274 1281 1321 nec
1307 1276 1398 1321 amor
1429 1276 1533 1343 neque

196 1365 303 1434 odium
324 1368 356 1432 in
377 1375 492 1453 partes,
514 1365 623 1432 militia
645 1364 713 1432 sine
734 1363 861 1442 affectu,
884 1368 1084 1432 hortantibus
1106 1365 1272 1454 praelectis
1302 1370 1405 1435 statim
1433 1390 1451 1434 a
1479 1369 1534 1434 Vi-

196 1478 282 1548 teliio
304 1478 495 1546 desciscuntc
518 1487 610 1548 vetus
630 1478 720 1545 miles
741 1480 955 1546 cunctabatur.
978 1478 1033 1545 sed
1054 1479 1201 1565 adigente
1216 1479 1398 1548 Hordeonio
1412 1481 1534 1559 Flacco,

196 1592 382 1660 instantibus
402 1590 548 1668 tribunis,
572 1590 651 1658 dixit
672 1599 913 1668 sacramentum,
936 1613 1001 1657 non
1022 1592 1111 1659 voltu
1132 1615 1235 1679 neque
1256 1596 1361 1661 auimo
1382 1595 1455 1661 satis
1479 1598 1535 1661 ad·

197 1704 341 1788 firmane3
365 1714 397 1772 et
418 1726 489 1772 cum
511 1713 616 1797 cetera
640 1705 718 1772 iuris
733 1704 856 1770 iurandi
872 1702 968 1771 verba
984 1705 1197 1794 conciperent,
1220 1707 1403 1795 Vespasiani
1418 1728 1572 1784 nemausa

196 1819 382 1887 haesitantes
418 1828 473 1886 aut
506 1819 570 1887 leri
604 1839 766 1884 murmure
806 1827 842 1882 vet
880 1820 1067 1905 pierumque
1108 1819 1230 1886 silentio
1271 1819 1533 1889 transmittebant.

186 1933 258 2019 Δ(32)
281 1932 381 1999 lectae
403 1932 517 1999 deindo
537 1953 596 2021 pro
619 1931 767 1999 contione
789 1929 938 2019 epistolae
960 1931 1088 1998 Antonii
1116 1931 1155 1998 ad
1185 1933 1314 2000 Civilem
1341 1936 1537 2021 suspiciones

198 2045 331 2111 militnm
353 2045 527 2124 inritavere,
548 2054 705 2131 umquam
726 2047 767 2111 ad
789 2046 909 2110 socium
931 2045 1068 2131 partium
1087 2048 1232 2132 scriptae,
1249 2055 1282 2113 et
1295 2050 1335 2114 de
1350 2050 1536 2116 Germanico

197 2159 338 2228 exercitu
358 2158 524 2227 hostiliter.
567 2180 642 2224 mox
664 2156 774 2224 adlatis
796 2157 969 2224 Geldubam
991 2161 1025 2224 in
1046 2167 1147 2225 castra
1168 2158 1284 2226 nuntiis
1314 2164 1425 2228 eadem
1454 2162 1536 2227 dicta

196 2274 349 2360 lacuque,
372 2280 404 2339 et
424 2273 536 2339 missus
558 2292 629 2337 cnm
651 2271 803 2337 mandatis
823 2276 990 2339 Montanus
1004 2275 1044 2338 ad
1059 2271 1201 2350 Civilem,
1224 2282 1260 2338 ut
1272 2271 1437 2340 absisteret
1450 2271 1536 2340 bello
1545 2300 1573 2343 ιι

196 2406 276 2452 neve
298 2392 427 2453 externa
448 2388 542 2452 armis
563 2384 649 2451 ialsis
671 2383 809 2451 velaret:
834 2384 861 2450 si
882 2386 1106 2472 Vespasianum
1128 2387 1236 2451 iuvare
1257 2384 1424 2470 adgressus
1438 2384 1533 2465 foret,

197 2498 388 2567 satisfactum
410 2500 542 2583 coeptis.
565 2500 606 2563 ad
627 2518 665 2564 ea
687 2496 793 2563 Civilis
814 2499 917 2582 primo
939 2497 1070 2563 callide:
1094 2506 1166 2585 post
1184 2495 1240 2565 uhi
1254 2499 1341 2565 ridet
1352 2502 1535 2567 Montanum

196 2614 408 2701 praeferocem
430 2610 556 2698 iugenio
578 2619 782 2699 paratumque
804 2611 836 2677 in
858 2631 909 2676 res
930 2630 1040 2688 novas,
1064 2632 1156 2677 orsus
1184 2633 1204 2677 a
1232 2621 1343 2698 questu
1372 2614 1538 2698 perieulis·

198 2748 259 2813 quc
283 2747 364 2815 quae
385 2746 443 2814 per
463 2727 602 2814 quinquo
624 2733 655 2791 et
684 2723 795 2811 viginti
822 2744 921 2789 annos
942 2726 976 2789 in
1005 2725 1113 2790 castris
1140 2724 1289 2791 Romanis
1318 2725 1535 2805 exhausisset,

201 2839 400 2928 «egregium»
423 2837 527 2925 inquit
550 2836 703 2924 «pretium
726 2835 871 2902 laborum
891 2839 1011 2924 recepi,
1034 2858 1144 2903 necem
1159 2836 1266 2905 fratris
1284 2847 1316 2905 et
1329 2839 1452 2908 vincula
1466 2859 1573 2906 mearc

199 2959 233 3019 ei
251 2954 448 3021 saerimimas
467 2949 562 3018 huius
583 2953 741 3017 exercitus
763 2970 865 3028 voces,
894 2949 1009 3038 quihus
1038 2953 1078 3017 ad
1104 2952 1291 3039 supplicium
1320 2936 1442 3040 petitus
1465 2956 1535 3021 iure

267 3166 294 3217 1.
313 3163 523 3230 ο1ρ.Μιορρ.
541 3163 573 3213 b.
594 3162 842 3215 -udcbiross
862 3159 946 3215 3.-
975 3158 1002 3210 t.
1022 3173 1072 3213 cce.
1092 3159 1130 3213 11.
1151 3187 1180 3199 -
1211 3161 1373 3215 beatiores
1390 3160 1536 3228 (sic,nou

198 3235 309 3300 uim)
327 3238 375 3296 bl,
404 3236 502 3287 rotem
528 3233 616 3286 (lucii.
636 3232 706 3296 spir.
738 3233 857 3285 Correxit
872 3231 1027 3283 Rhenanus.
1059 3256 1088 3269 -·
1122 3232 1149 3283 3.
1178 3232 1265 3287 liebet
1286 3246 1370 3299 oeque
1388 3237 1476 3286 cotum
1494 3238 1533 3288 u.

198 3310 266 3359 aare
292 3307 441 3359 neniarum
467 3305 582 3357 edebant
608 3317 654 3355 occ
672 3318 697 3355 o.
728 3327 760 3340 -
789 3304 817 3355 ’1.
843 3303 955 3353 miiitiae
972 3303 1018 3364 id,
1049 3301 1120 3363 spir.
1139 3300 1243 3355 Puteol.
1263 3303 1395 3358 Walther.
1415 3306 1536 3360 correxit

198 3378 355 3430 ltbeaauun·
375 3400 407 3415 -
429 3377 456 3428 11.
476 3374 533 3438 odi.
552 3374 601 3428 tt:
621 3374 667 3439 off.
687 3373 718 3424 tt.
747 3373 840 3425 -13,
861 3372 1139 3425 root.b1:cnoc.ii.
1160 3398 1194 3410 -
1220 3386 1283 3438 epae
1299 3387 1360 3426 ιιιιιι
1378 3376 1425 3427 ιιι,
1443 3377 1480 3430 pp,
1500 3402 1534 3415 ..

199 3447 244 3500 li.
262 3448 393 3513 paiduboo
409 3447 448 3499 11.
465 3470 496 3486 -
514 3447 558 3498 15.
576 3444 701 3496 nbrbtere
718 3443 757 3496 bd.
788 3469 823 3480 -
854 3446 897 3495 17.
917 3445 1016 3506 coeptis
1033 3442 1126 3495 11.-
1155 3443 1200 3495 tto.
1216 3440 1302 3509 prtum
1320 3445 1359 3499 11.
1384 3471 1417 3486 -
1446 3448 1535 3501 nense

199 3518 320 3571 loturam
337 3519 373 3571 11.
394 3518 463 3571 nnis
481 3517 630 3570 asuerum
648 3516 764 3571 edebant
778 3515 884 3568 iudom
907 3539 938 3554 -
957 3515 1038 3579 recipi
1055 3514 1093 3567 11.
1113 3513 1268 3569 censuum
1285 3516 1313 3568 in
1329 3517 1393 3582 dgr.
1411 3516 1482 3583 spir.
1499 3543 1533 3556 -

198 3590 243 3641 11.
261 3591 354 3643 uuna.
374 3588 412 3643 bl·

200 3776 287 3830 aquo
305 3775 398 3816 manna
425 3761 511 3816 terrea
535 3760 684 3825 pendebat,
709 3762 737 3811 in
759 3758 844 3811 selum
884 3757 963 3811 detur
979 3757 1130 3810 cohortatus
1149 3769 1206 3811 esse
1225 3758 1312 3811 edicto
1330 3758 1393 3812 altas
1405 3760 1531 3825 legiones,

199 3845 334 3908 depresso,
354 3851 384 3896 ut
400 3856 479 3896 nares
491 3843 561 3906 apud
577 3842 688 3892 hirtum.
708 3838 760 3890 Sed
772 3842 847 3903 rapti
883 3845 914 3889 ut
939 3846 1026 3900 parter
1051 3838 1187 3890 rirrtnnns
1211 3839 1440 3901 amplecterentur.
1460 3841 1530 3894 Ean.

199 3926 228 3975 iss
244 3925 329 3977 eitum
347 3923 443 3976 delude
468 3922 592 3974 dicuntur
609 3925 636 3971 iu
663 3927 746 3970 castre
773 3917 847 3983 epesi
885 3943 917 3955 -
934 3917 1056 3980 sipisim
1073 3915 1230 3982 bimones]
1248 3919 1354 3982 trevir,
1379 3921 1413 3973 de
1433 3934 1487 3984 quo
1503 3924 1531 3987 ³,

199 4003 410 4069 suspendere,
429 4002 529 4054 scilicet
546 4002 716 4052 consensione
730 3998 844 4062 quadarn
883 3997 927 4048 35.
948 4019 980 4035 -
997 3997 1079 4048 oeric
1096 3996 1271 4064 recuperent]
1297 4003 1369 4059 rita,
1395 4010 1425 4053 ιιι
1448 4008 1533 4066 pm..

199 4085 323 4148 penderis
340 4089 369 4138 et
385 4083 526 4136 tollenonis
544 4084 637 4145 ipsius,
651 4077 846 4132 nturrnusier·
883 4076 980 4128 bantur
1011 4077 1109 4137 rerba,
1144 4081 1373 4142 pronuntiarent.»
1415 4081 1531 4136 term

201 4178 244 4219 rea
263 4172 347 4218 rastra
367 4177 457 4218 aereus
474 4169 652 4227 torqueretur,
672 4165 700 4213 et
717 4163 784 4223 rapti
803 4171 847 4209 nu·
884 4159 1020 4221 proprium
1042 4159 1068 4208 in
1095 4160 1152 4208 inre
1177 4158 1307 4219 iurando:
1349 4159 1420 4212 uude
1444 4175 1533 4215 cesce-

200 4258 246 4312 pra
263 4253 348 4298 castra
366 4243 612 4308 penderentatoue
631 4244 658 4292 in
677 4249 847 4302 cestraprae·
880 4238 936 4299 ptis
958 4235 1045 4286 onio
1068 4237 1169 4288 hears.
1208 4236 1307 4290 Eadem
1335 4237 1445 4291 iormuta
1472 4255 1532 4296 mor

202 4328 293 4390 etpttes
313 4325 448 4385 durentur,
461 4324 502 4376 rel
515 4322 653 4375 machinae
666 4323 755 4380 totius,
773 4330 847 4370 rerao
884 4316 914 4368 c.
942 4306 986 4366 tt.
1015 4316 1086 4366 Enr-
1119 4316 1163 4368 Sic
1187 4319 1221 4378 1,
1238 4318 1291 4368 ibt
1327 4320 1462 4385 accepere
1490 4324 1533 4373 ιιιι

202 4410 257 4459 eius
276 4407 394 4459 cardine.
414 4405 486 4455 Era.
511 4402 635 4468 vegetius
654 4400 689 4463 i,
714 4401 767 4450 nt:
789 4398 847 4448 Toi-
882 4396 1034 4446 iurandum.

201 4488 258 4539 terro
274 4488 383 4549 dimna,
403 4485 503 4549 oacrio
518 4497 573 4533 osc
589 4481 676 4533 trabes
693 4480 722 4529 to
749 4483 848 4530 terrem
918 4474 962 4527 31.
983 4471 1102 4538 armo]
1122 4474 1191 4526 Sunt
1208 4475 1330 4536 hostilia,
1356 4476 1458 4529 horulis
1475 4482 1531 4532 ant·

199 4567 319 4632 prnnite
342 4566 478 4632 denitur,
505 4564 548 4614 cui
569 4563 600 4612 ts
626 4572 727 4611 ummo
752 4560 848 4610 certios
884 4561 996 4614 mnn,ut
1014 4555 1075 4606 niibl
1095 4552 1176 4619 (buu.
1194 4554 1222 4613 d,
1241 4554 1285 4606 31.
1306 4555 1376 4608 illst.
1396 4559 1422 4619 1,
1438 4559 1482 4611 ii.
1503 4558 1531 4620 3,

200 4648 257 4699 nitu
274 4654 426 4699 hemona
443 4642 530 4696 nubea
547 4641 652 4705 baptor
669 4639 848 4690 distentoriae·
883 4637 911 4687 b.
931 4640 960 4686 et
976 4635 1044 4686 inira
1062 4634 1091 4686 c.
1118 4634 1177 4697 13.)
1201 4635 1257 4687 «iis
1281 4639 1372 4697 specle
1396 4637 1456 4689 belii
1484 4650 1531 4701 pro

202 4727 298 4778 &tote
315 4727 495 4779 emeher,
525 4734 554 4774 eo
577 4722 751 4781 libramento,
777 4724 807 4768 ut
824 4719 849 4768 si
885 4715 1045 4779 vesp-suno
1063 4713 1171 4779 renodi
1190 4715 1311 4768 hostilem
1335 4717 1459 4769 adversas
1478 4718 1532 4772 ito·

201 4820 281 4858 mser
309 4813 389 4870 capet
416 4803 589 4868 muneris,
614 4800 688 4851 aliud
716 4800 847 4864 water.
885 4809 977 4848 manos
994 4797 1111 4847 animum
1130 4802 1218 4860 tepere
1237 4803 1402 4847 conaretur.»
1416 4798 1529 4851 liar.-

203 4886 254 4939 etr.
279 4886 373 4940 Festus
389 4889 416 4938 tn
445 4882 552 4934 Toiicrso
579 4894 606 4943 p.
624 4879 685 4931 353.
704 4878 795 4931 bineli.
817 4901 845 4914 -
884 4872 980 4940 recepi]
1002 4877 1072 4928 Ante
1097 4877 1225 4941 ltpchtunr
1250 4875 1363 4927 edebant
1387 4876 1531 4932 Puteolano

204 4965 380 5034 mnndi]
402 4965 514 5027 nupero
543 4960 697 5012 dubitanter
723 4960 847 5022 proponit
885 4962 994 5009 auctore
1013 4957 1080 5019 cept.
1100 4956 1235 5008 Ernesttus
1264 4960 1340 5018 putat
1363 4967 1420 5009 esne
1446 4961 1533 5013 imita·

204 5047 383 5113 sepepnnndi,
403 5056 472 5109 onae
489 5049 561 5095 recte
573 5046 614 5093 ent
625 5040 773 5101 explicatio,
787 5051 848 5090 con·
886 5040 985 5088 tionem
1002 5035 1073 5100 virg.
1091 5037 1160 5088 Aen.
1178 5033 1210 5094 i,
1229 5033 1283 5085 9³2
1307 5036 1449 5101 lipreptcos
1470 5054 1532 5093 esse

205 5131 303 5182 tectura
320 5139 383 5180 rere
400 5123 542 5176 admodum
561 5118 749 5184 improbabilis.
887 5116 990 5166 undem
1006 5122 1032 5167 et
1048 5115 1134 5178 spolia
1151 5113 1243 5176 sorpto
1259 5112 1379 5176 refuto,
1400 5118 1462 5171 supr
1483 5123 1532 5173 ιιι.

238 5206 283 5260 31.
302 5201 439 5270 caninos]
457 5203 484 5256 is
501 5207 571 5256 cutm
589 5207 652 5253 tune
675 5197 775 5252 consui.
807 5196 850 5249 11-
886 5209 958 5259 am,s
976 5197 1072 5258 lnquit,
1091 5191 1256 5246 «sauciabat
1271 5191 1410 5255 {erthe—
1427 5200 1533 5256 ιιιιιιι.
