3725 5892
582 461 700 526 66666
720 460 777 524 666.
823 459 896 544 666.
918 457 969 522 66.
991 460 1044 522 66.
1068 459 1120 522 66.
1458 462 1517 524 aas

180 619 292 687 melior
312 620 548 708 interpretatio,-
562 614 671 686 mssem
693 619 796 687 virum
817 621 993 685 abhorrere
1014 639 1033 684 6
1053 620 1207 704 sanguine
1230 619 1441 713 6166611166,
1464 640 1519 685 eo·

179 754 242 819 que
265 732 385 800 crebris
406 754 477 798 cum
498 733 626 799 Vitellio
647 735 846 799 sermonibus
867 730 907 798 de
928 753 1005 819 pace
1025 735 1242 819 ponendisque
1272 754 1331 816 per
1361 732 1520 799 condicio·

180 866 252 914 aem
273 846 371 912 armis
399 846 527 931 agitare.
571 866 665 933 66666
687 847 773 912 domi
795 845 975 930 congressi,
1011 854 1170 930 postremo
1201 847 1234 910 in
1256 844 1334 911 6616
1354 845 1519 933 Apollinis,

179 960 310 1025 utiama
330 957 398 1034 luit.
427 959 590 1047 pepigere.
620 957 718 1025 verba
745 979 902 1045 vocesque
933 962 1012 1025 duos
1041 967 1135 1023 166166
1161 955 1340 1035 1661661661,
1376 958 1519 1025 Cluvium

177 1069 294 1138 llulum
317 1079 350 1137 61
371 1071 481 1138 Silium
514 1071 664 1137 Italicum.
692 1072 795 1140 voltus
823 1071 934 1158 procul
966 1074 1138 1138 visentibus
1167 1068 1373 1149 notabantur,
1403 1071 1542 1139 vitelliis

177 1187 337 1271 proiectas
372 1193 405 1250 61
441 1183 601 1270 degener,
646 1187 780 1252 Sabinus
822 1207 887 1251 666
923 1185 1076 1252 insultans
1112 1191 1144 1251 61
1179 1184 1340 1251 miseranti
1376 1185 1517 1272 propior.

178 1296 243 1381 [11)
268 1299 381 1385 quodsi
403 1305 465 1363 tam
487 1297 580 1367 iacile
602 1319 732 1366 auorum
753 1308 875 1365 menies
897 1298 1036 1365 1166616661
1061 1297 1201 1367 Vitellius
1229 1320 1324 1385 qnam
1354 1297 1421 1384 ipse
1451 1320 1519 1365 ces·

178 1418 285 1485 serat,
321 1413 514 1476 incruentam
549 1413 660 1478 urbem
699 1411 883 1498 Vespasiani
913 1417 1072 1478 exercitus
1104 1415 1259 1481 intrasset.
1311 1419 1450 1477 ceterum
1484 1419 1519 1476 ut

178 1528 313 1611 quisque
334 1522 461 1592 Vitellio
488 1522 581 1601 lidus,
604 1527 647 1592 116
668 1547 776 1610 pacem
799 1536 832 1591 61
853 1526 1054 1592 66611616666
1076 1522 1267 1601 abnuebant,
1291 1523 1458 1591 discrimen
1479 1546 1517 1591 ac

176 1635 315 1702 dedecus
336 1644 538 1713 ostentantes,
562 1645 593 1703 61
615 1637 708 1704 tidem
729 1638 762 1704 in
783 1639 913 1705 libidine
935 1639 1074 1705 victoris.
1108 1646 1304 1704 nectentem
1326 1641 1517 1727 Vespasiano
1525 1654 1555 1699 66

177 1747 361 1834 snperbiam
380 1757 417 1814 ui
430 1751 587 1836 privatum
609 1752 767 1817 Vitellium
788 1762 965 1840 pateretur:
988 1773 1029 1819 ne
1049 1755 1149 1819 victos
1171 1753 1299 1840 quidem
1320 1755 1449 1819 laturos.
1473 1755 1516 1818 ita

176 1861 354 1949 pericnlum
376 1882 416 1928 er
437 1864 663 1930 misericordia.
693 1867 794 1951 ipsum
827 1887 901 1931 6666
932 1887 1038 1932 senem
1071 1875 1103 1932 61
1127 1869 1289 1953 prosperis
1316 1865 1518 1953 adversisque

176 1981 342 2047 satiatum:
366 1982 421 2045 scd
444 1984 529 2069 quod
551 2000 679 2053 nomen,
703 1999 796 2064 quem
820 1986 933 2044 statum
956 1978 1020 2045 lilio
1037 1979 1104 2046 eius
1120 1981 1306 2047 Germanico
1320 1979 1414 2046 lore?
1435 2001 1518 2046 6666

177 2095 345 2181 pecuniam
367 2101 399 2159 et
419 2092 566 2159 familiam
589 2101 620 2158 et
642 2094 750 2158 166166
772 2094 960 2176 Campaniae
987 2093 1073 2159 61666
1102 2096 1262 2178 promitti:
1295 2092 1351 2159 sed
1378 2091 1433 2159 ubi
1460 2094 1519 2159 im-

177 2207 303 2292 perinm
325 2208 532 2291 Vespasianus
553 2207 718 2280 invaserit,
740 2225 804 2271 non
826 2204 904 2292 ipsi,
938 2227 1002 2271 non
1031 2206 1139 2272 amicis
1169 2207 1255 2285 eius,
1287 2229 1351 2272 non
1379 2205 1555 2294 deniquet⁵

178 2318 372 2386 exercitibus
393 2321 592 2386 securitatem
615 2318 675 2385 nisi
697 2318 851 2384 exstincto
874 2318 1068 2386 aemulatore
1090 2319 1271 2386 redituram.
1304 2318 1435 2385 Fabium
1457 2319 1519 2386 illis

176 2433 341 2499 Valentem
363 2432 517 2520 captivum
541 2440 572 2498 et
602 2432 727 2498 casibus
756 2433 859 2497 dubiis
887 2442 1084 2498 reservatum
1106 2453 1310 2519 praegravem
1326 2431 1440 2499 inisse:
1464 2452 1518 2498 ne-

177 2544 252 2612 dum
273 2548 397 2612 Primus
418 2567 454 2612 66
476 2549 593 2611 Fuscus
614 2556 646 2612 61
666 2548 825 2632 specimen
846 2545 983 2631 partium
1005 2547 1168 2612 Mucianus
1189 2546 1284 2613 ullam
1304 2546 1337 2612 in
1358 2546 1517 2613 Vitellium

247 2720 274 2769 1.
295 2716 452 2784 161666116116
468 2719 507 2770 11.
529 2742 561 2754 -
592 2719 866 2782 16666611666611.
888 2744 916 2756 -
945 2719 971 2769 1.
989 2719 1174 2783 6166616111.
1193 2744 1226 2756 -
1258 2720 1301 2769 11.
1320 2719 1519 2770 16616111.-

179 2791 223 2840 11.
243 2785 311 2841 aaa?
327 2790 365 2841 u.
386 2813 417 2826 -
437 2789 478 2839 it.
497 2791 641 2851 promittis.
660 2790 740 2839 6111.
760 2812 793 2825 -
821 2789 866 2840 11.
886 2797 940 2841 eat.
958 2789 996 2840 11.
1018 2815 1052 2824 -
1080 2791 1243 2841 motatore
1260 2789 1408 2842 1611166616
1425 2789 1515 2841 (iusti.

179 2861 252 2913 tiarl.
273 2859 351 2912 lindi.
372 2860 424 2912 166.
443 2859 568 2911 Puteal:
597 2860 760 2910 aemulatore
774 2859 893 2909 (11161666
911 2862 958 2919 ii,
984 2861 1282 2911 666116166611161661
1301 2861 1390 2924 Lipato
1410 2868 1518 2913 auctore

180 2932 211 2981 li.
234 2956 262 2968 -
292 2932 337 2981 17.
356 2933 472 2995 capitum
488 2931 528 2982 11.
547 2956 579 2967 -
610 2929 713 2981 ceribus
730 2928 829 2995 6161111]
849 2933 935 2995 raptis
952 2932 1041 2987 1161611
1057 2931 1096 2985 ii·
1117 2930 1271 2983 correctum
1291 2934 1318 2982 in
1336 2931 1424 2985 Gueli.
1446 2932 1518 2984 llari.

179 3001 256 3053 1611.
276 3001 330 3054 les.
351 3008 378 3054 61
394 3001 583 3077 6161661166.

179 3142 244 3211 [aa]
265 3146 299 3199 sie
318 3146 424 3211 66611,
450 3145 494 3197 15.
515 3168 549 3182 -
576 3146 670 3197 Sibora
700 3143 830 3212 11611666]
868 3147 959 3210 116616
978 3154 1084 3200 6661666
1104 3148 1191 3200 61166
1203 3148 1359 3212 vulgabatur
1372 3149 1518 3208 6616661616,

180 3232 285 3292 poetam
305 3225 367 3278 belii
386 3225 481 3278 Punici
502 3227 623 3278 secundi.
870 3228 912 3278 ilie
931 3227 1078 3291 desumpsit
1096 3229 1209 3280 ealnn.
1224 3228 1268 3289 13,
1287 3229 1340 3280 itis
1358 3242 1392 3279 66
1404 3230 1521 3280 6666616-

213 3306 258 3359 11.
277 3304 831 3370 1666111666661.]66661666,6116666·
869 3315 912 3359 tur
930 3308 960 3357 16
977 3307 1041 3358 urbe
1060 3314 1158 3373 ageret,
1180 3310 1334 3371 provinciae
1360 3309 1519 3360 1611166166

180 3391 269 3440 1166666
287 3392 424 3449 tantopere
444 3386 578 3438 Vitellium
607 3393 758 3439 contemnat
787 3402 832 3439 ne·
867 3388 1040 3452 praeficitis,-
1067 3388 1111 3438 611
1132 3394 1285 3439 6611661666
1305 3402 1387 3452 genus
1407 3390 1521 3440 aemuia·

183 3482 235 3532 que
253 3468 336 3519 altum
356 3470 406 3520 iam
431 3466 464 3518 ab
488 3480 519 3518 eo
546 3468 691 3527 perieulum
715 3475 830 3528 metuat,
870 3469 976 3518 alcolea
1011 3466 1149 3529 Nusquam
1175 3468 1237 3517 aiibi
1262 3467 1311 3517 boc
1331 3483 1357 3520 v.
1387 3476 1519 3532 repertura

182 3556 211 3599 nt
228 3551 333 3611 privato
352 3550 403 3599 tam
422 3547 581 3598 etaubtecto
607 3547 740 3612 quondam
761 3552 833 3610 prin·
870 3552 917 3598 eat.
939 3547 993 3610 lige
1012 3560 1076 3597 sane
1095 3549 1208 3608 praetuli
1234 3546 1307 3599 1161.
1336 3549 1517 3604 6666161616.

181 3631 370 3692 spirarent.»
407 3626 577 3690 rSuperbicm
605 3641 691 3692 neque
717 3627 749 3677 ad
775 3627 832 3676 alti·
869 3631 945 3678 cutus
971 3641 995 3678 1.
1022 3629 1113 3678 ultima
1145 3623 1241 3693 syliab'a
1272 3629 1382 3680 eandem
1410 3631 1518 3691 primaru

181 3708 298 3761 tudinem
317 3709 397 3758 animi
417 3720 505 3771 neque
529 3707 562 3757 ad
588 3706 753 3758 elementiam
781 3713 830 3756 tra·
868 3710 1003 3771 renuentis
1023 3708 1162 3768 absorpsit.
1183 3707 1278 3759 Contra
1301 3707 1519 3759 Wattlreroennr·

181 3788 235 3847 baa,
255 3787 303 3840 scd
321 3788 354 3839 ad
374 3791 542 3839 aecnrttatem
566 3800 634 3851 quae
665 3800 679 3837 e
705 3787 830 3849 soperbia
867 3787 1097 3845 interstitiorum,
1119 3790 1195 3851 quasi
1214 3800 1229 3836 a
1247 3790 1388 3851 participio
1401 3789 1518 3839 aemulo·

181 3871 263 3921 oritur
281 3874 308 3920 et
326 3867 444 3920 altiorem
463 3867 496 3920 de
515 3880 554 3926 ae,
574 3866 693 3917 viliorem
710 3867 830 3920 1616616
867 3874 920 3919 tar.
947 3868 1046 3920 Verum
1073 3868 1213 3930 displicent
1236 3867 1290 3918 dno
1314 3868 1451 3931 participia
1474 3882 1518 3920 en-

181 3951 333 4011 minionem
351 3947 494 4011 praeiert.»
512 3946 636 3998 Wanra.
654 3973 687 3984 -
706 3960 739 3996 aa
756 3950 829 3997 antee
866 3951 963 3999 stinctc
979 3948 1110 3999 cemutcio
1129 3950 1167 3998 atc
1180 3960 1306 4000 connexa.
1336 3949 1436 4010 tepide
1454 3960 1517 4001 sane

182 4025 314 4092 11666116]
346 4039 393 4079 rac
420 4028 441 4078 61
471 4027 649 4089 Vespasianus
679 4027 828 4078 adveraario
867 4029 971 4079 littter:
1001 4028 1102 4091 «Quart
1127 4029 1216 4078 dicere
1241 4028 1334 4081 Latine
1360 4029 1451 4081 liceret
1474 4043 1519 4080 ae-

183 4120 287 4171 parcere
306 4106 393 4165 vellet,
413 4107 479 4166 tore,
498 4113 529 4158 ut
547 4110 598 4168 ipsi
620 4106 753 4158 Vitelliani
781 4110 830 4157 ml·
866 4110 965 4158 1116616
983 4107 1091 4159 borreto
1111 4121 1158 4170 pro
1177 4109 1518 4172 6661166166611161161611

183 4188 322 4241 1661666116
336 4190 543 4253 instigatiatam
556 4187 661 4252 indigna
671 4189 827 4240 condicione
867 4194 954 4238 erat.»
983 4209 1012 4223 -
1042 4187 1145 4238 6611166
1162 4187 1249 4237 dubiis
1273 4189 1445 4250 6666166166]
1467 4174 1517 4240 Ι661

183 4280 229 4333 per
252 4274 362 4320 martem
390 4282 449 4319 euro
477 4267 588 4320 liberare
614 4273 759 4331 cuperent,
787 4268 827 4320 rei
866 4266 1516 4331 66666661666166161116116616166.6116666666

184 4352 229 4412 tasi
248 4362 309 4401 anm
328 4349 479 4400 occidentes
499 4347 539 4398 rel
552 4349 631 4400 etiam
645 4361 724 4399 noras
737 4348 827 4398 turbas
865 4348 998 4406 cecidere,
1019 4358 1053 4397 au
1066 4349 1123 4397 einr
1137 4348 1206 4397 ritae
1227 4358 1335 4407 parcere
1354 4351 1435 4411 magia
1454 4358 1516 4398 con·

184 4428 683 4491 6661166161,6611611616661666161
703 4443 763 4481 euro
784 4441 827 4480 ne·
866 4429 992 4485 doceret;
1012 4431 1138 4478 16661666
1160 4437 1221 4477 eum
1239 4428 1320 4476 nimio
1338 4426 1418 4479 161666
1437 4430 1511 4479 16661

185 4510 294 4561 andam
318 4513 397 4561 ettam
425 4512 523 4560 inritus
544 4509 722 4573 adigeretur.»
754 4510 826 4560 11666
865 4520 954 4572 neque
972 4508 1050 4558 etiarn
1070 4505 1210 4557 utilitatem
1228 4506 1262 4557 61
1281 4509 1338 4557 eius
1357 4510 1409 4559 vita
1426 4520 1515 4569 apara-

185 4591 287 4641 ridetur
303 4602 363 4642 vera
391 4592 571 4651 interpretatio
597 4589 646 4641 ioci
670 4591 827 4642 obscurioris
866 4596 934 4647 tarn,
955 4590 1077 4649 quocirca
1097 4600 1111 4637 e
1130 4586 1218 4636 medic
1237 4585 1367 4637 sublatum
1380 4598 1465 4638 esre.»
1481 4612 1509 4624 -

185 4670 333 4733 11666616
353 4670 436 4733 primo
454 4669 582 4731 adspectu
599 4669 825 4733 66611666616666
864 4666 1039 4727 1616116166]
1066 4669 1092 4716 16
1114 4665 1248 4724 custodia,
1274 4673 1303 4717 ut
1322 4678 1368 4728 per
1386 4680 1465 4725 enrn,
1491 4670 1513 4718 st

185 4750 343 4813 algnitlcetur
366 4749 540 4811 Veanastani,
565 4761 598 4801 an
625 4749 825 4802 Vitellianorum
864 4760 905 4798 rea
924 4747 991 4798 maie
1011 4746 1151 4806 caderent,
1178 4748 1280 4796 reniam
1304 4746 1446 4796 thtetito
1466 4748 1514 4796 tm·

185 4830 370 4881 misericordia.
394 4829 491 4880 Veram
519 4829 552 4881 de
581 4831 621 4881 bia
648 4830 772 4894 intellige.
794 4855 824 4868 -
864 4834 967 4890 petrare
980 4833 1096 4889 6611661.
1111 4814 1253 4875 -6111116
1265 4821 1381 4888 11616666]
1396 4824 1446 4876 slis
1460 4839 1513 4878 nou

187 4906 352 4975 amco]
370 4921 447 4972 snpra
467 4910 497 4960 C·
518 4909 718 4971 6111616666
742 4911 826 4976 fitium
863 4908 970 4958 dabitur
987 4905 1107 4957 66616611
1127 4905 1222 4955 Vitellii
1240 4911 1368 4967 potestas,
1389 4905 1436 4957 aed
1457 4913 1514 4958 tan-

187 4985 364 5040 Gerernaicum
385 4990 539 5054 oppetierit.
572 4990 825 5042 116666116661166
863 4985 1513 5047 1666661611·11666666-16661666166

188 5080 278 5121 acmen
294 5069 414 5122 consalta
432 5069 530 5122 Vitellii
548 5072 623 5121 araiet
643 5072 668 5119 tn
688 5078 745 5122 etus
772 5084 827 5122 me·
865 5081 917 5131 quo
944 5071 1111 5131 potissimum
1139 5067 1316 5116 coniecturam
1342 5069 1400 5128 qnia
1425 5064 1512 5119 iacere

189 5152 293 5202 66661666
319 5156 452 5205 recount
477 5176 510 5186 -
535 5148 714 5215 6666161666]
748 5148 824 5214 Quart
864 5154 946 5213 queat
961 5149 994 5201 da
1008 5154 1061 5200 tota
1074 5146 1256 5200 1166666666
1271 5149 1385 5209 66611666
1410 5147 1510 5200 indole.
1620 5176 1623 5181 -
