3725 5892
620 384 820 461 Dmcoous
850 388 924 474 op.
946 390 998 453 se.
1021 390 1074 455 so.
1453 391 1514 454 sie

188 567 250 637 que
275 543 400 617 iudiciis
429 549 572 614 crederet
597 547 731 634 populus
761 549 919 613 Romanus
947 569 1003 615 sun
1032 549 1184 615 interesse
1212 548 1286 637 quid
1307 546 1511 615 indiceretur.

187 663 262 728 satis
289 666 410 729 mustei
432 659 465 724 C.
489 659 671 727 Cornelium
692 666 725 726 et
744 663 786 726 Μ.
812 662 962 727 Scaurum
984 668 1016 726 et
1037 663 1073 727 T.
1096 662 1245 728 llilonem
1267 669 1299 726 ei
1319 664 1356 727 L.
1378 663 1514 727 Bestiam

187 781 219 839 et
244 774 279 839 P.
301 771 462 839 Vatinium
482 791 635 839 concursu
658 774 752 839 totius
773 772 907 839 civitatis
929 782 961 839 ct
979 781 1142 840 accusatos
1163 782 1196 841 et
1216 772 1379 850 defensos,
1403 780 1439 840 ut
1457 771 1514 839 fri-

186 885 365 974 gidissimos
378 905 505 971 quoque
519 891 659 951 oratores
673 885 741 970 ipsa
754 888 901 979 certantis
915 885 1023 973 populi
1038 885 1139 953 studia
1154 886 1291 953 excitare
1302 894 1333 951 et
1347 888 1514 952 incendere

185 1000 356 1088 potuerint.
377 1000 483 1084 itaque
499 999 628 1065 hercule
645 996 798 1065 eiusmodi
815 998 889 1065 libri
902 1006 1034 1074 exstem,
1056 1008 1091 1065 ut
1102 998 1162 1087 ipsi
1176 1019 1302 1085 quoque
1317 1000 1371 1084 qui
1382 1005 1534 1084 egerente

186 1134 252 1181 uon
271 1111 340 1178 eliis
361 1115 460 1197 megis
480 1110 675 1177 orationihus
695 1120 889 1179 censeantur.
935 1111 994 1196 (eo)
1018 1112 1081 1177 iem
1100 1132 1176 1178 vero
1193 1114 1355 1178 contiones
1372 1113 1515 1179 assiduae

187 1234 220 1293 et
246 1228 351 1290 datum
377 1224 427 1291 ius
453 1223 706 1309 potentissimum
731 1246 889 1312 quemque
916 1223 1051 1293 vexandi
1079 1232 1173 1311 etque
1194 1224 1261 1313 ipsa
1281 1224 1516 1291 inimicitiarum

186 1340 305 1425 gloria,
327 1356 398 1405 cum
419 1357 454 1404 se
475 1335 601 1424 plurimi
622 1335 811 1404 disertorum
832 1357 873 1402 ne
894 1359 913 1402 a
934 1339 969 1402 P.
993 1336 1120 1426 quidem
1136 1339 1281 1422 Scipione
1295 1346 1350 1403 aui
1364 1337 1449 1405 Sulla
1462 1345 1516 1404 eui

188 1454 248 1518 Gn.
269 1452 420 1539 Pompeio
441 1447 647 1527 abstinerent,
670 1457 702 1515 et
724 1448 764 1515 ad
778 1449 978 1516 incessendos
993 1452 1149 1537 principes
1162 1452 1267 1528 viros,
1290 1460 1324 1517 ut
1343 1460 1390 1518 est
1406 1461 1516 1517 nature

186 1563 333 1641 invidiae,
355 1562 463 1651 populi
474 1582 601 1651 quoque
611 1562 635 1645 †
647 1572 679 1629 et
689 1563 854 1630 histriones
868 1564 997 1630 auribus
1012 1570 1182 1640 uterentur,
1204 1572 1355 1649 quantum
1368 1567 1551 1639 ardorem„

186 1676 344 1763 ingeniis,
367 1696 446 1762 ques
466 1678 645 1743 oratoribus
666 1674 749 1742 loces
770 1679 995 1745 admonebanti
1034 1697 1098 1744 non
1119 1674 1158 1742 de
1181 1678 1282 1743 otiose
1302 1686 1335 1743 ei
1355 1676 1460 1765 quieta
1481 1698 1516 1743 re

255 1851 283 1901 l.
300 1863 346 1914 po.
364 1847 414 1900 llo.
432 1847 464 1899 P.
484 1873 517 1884 -
534 1848 562 1898 d.
582 1848 611 1900 G.
630 1848 668 1899 Pe
690 1845 787 1900 Guium
805 1848 872 1899 iio.
895 1872 924 1886 -
942 1849 981 1899 li.
996 1849 1035 1899 Pe
1053 1848 1300 1901 Mamili).-
1321 1850 1351 1900 Τ.
1371 1850 1409 1901 Ps
1430 1850 1518 1901 litum

186 1920 255 1972 lili.
274 1945 309 1957 -
326 1920 358 1971 i..
378 1919 414 1971 Pe
433 1920 541 1971 Lucium
560 1918 626 1971 lili.
645 1943 679 1956 -
695 1918 723 1970 ³.
743 1920 775 1970 P.
794 1920 830 1970 Ps
848 1919 970 1970 Peditum
990 1920 1009 1969 li
1023 1919 1055 1969 l).
1070 1944 1103 1956 -
1120 1921 1147 1972 5.
1167 1922 1267 1984 epmint
1284 1921 1335 1971 iitt.
1354 1922 1365 1970 i
1382 1933 1516 1982 superem.

186 2007 206 2042 u
223 1990 254 2041 Ρ.
275 2014 307 2027 -
326 1990 353 2041 d.
371 1997 462 2042 eone:
481 2003 553 2041 conc.
572 1989 673 2041 Plili.
694 2014 724 2027 -
744 1989 770 2039 8.
791 1989 819 2039 Ρ.
839 1990 879 2040 P:
898 1990 991 2041 Publio
1009 1990 1077 2040 iili.
1096 2015 1130 2025 -
1158 1990 1232 2055 Spiio
1249 1991 1280 2041 P·
1299 2013 1331 2027 -
1359 1992 1385 2042 ii.
1407 1990 1456 2042 Gn.
1474 1991 1516 2042 1³:

188 2059 280 2112 Gnoso
297 2060 364 2111 eii.
386 2085 414 2099 -
449 2061 492 2112 io.
511 2073 615 2124 quoque
632 2068 659 2111 ee
675 2060 812 2112 histriones
830 2068 952 2123 corrupte
970 2073 1030 2112 eum
1052 2067 1114 2112 cete.
1136 2059 1174 2110 Ps
1202 2073 1304 2126 puepue
1327 2062 1518 2112 &senioribus

188 2132 345 2185 ileumeono
363 2137 470 2185 euciore
489 2131 527 2190 Β,
555 2144 657 2197 quoque
680 2133 757 2182 istius
780 2133 874 2195 prome
892 2131 976 2182 liocd.
1001 2143 1076 2194 susp·
1099 2156 1127 2168 -
1155 2131 1198 2181 li.
1217 2129 1429 2194 admouehonti]
1457 2133 1520 2184 Posi

187 2202 238 2254 hoe
256 2215 280 2254 r.
301 2214 423 2264 meseum
442 2214 498 2254 esee
518 2200 648 2253 deiectum
668 2208 741 2252 retus
760 2210 799 2253 est
812 2203 986 2254 lleumennus
1006 2204 1083 2264 eique
1103 2200 1217 2252 eredidit
1230 2200 1352 2254 Wsither
1364 2209 1390 2255 et
1402 2202 1516 2255 heller.

186 2273 321 2325 lieiuteeit
338 2272 439 2332 hister,
459 2283 508 2321 uec
526 2272 608 2323 nilum
628 2274 684 2324 eius
702 2275 740 2323 rei
759 2276 895 2336 uestigium
915 2277 1049 2334 comperet
1066 2270 1168 2322 inPP.
1194 2297 1223 2310 -
1252 2275 1339 2337 puisse
1359 2269 1398 2337 re]
1419 2273 1470 2322 «ii.
1492 2287 1516 2324 e.

188 2357 216 2397 re
235 2343 358 2408 publices
377 2345 432 2394 eise
451 2354 519 2407 opus
537 2343 679 2404 viduetur,
697 2357 754 2407 rep.
774 2344 813 2396 eei
831 2345 863 2393 ii.
877 2342 929 2401 it,
948 2355 978 2393 re
995 2342 1119 2392 Pomone
1136 2343 1321 2406 rumpendum
1340 2350 1406 2395 est.»
1425 2344 1516 2394 Doro.

185 2501 336 2563 proetmesn
359 2497 406 2550 cn.
427 2497 572 2548 Domitium
597 2498 627 2547 in
652 2499 712 2562 {oro
740 2498 833 2554 medio.
873 2496 978 2561 publice
996 2500 1190 2550 attrectantium
1209 2497 1318 2560 praehet
1336 2498 1392 2550 vei.
1406 2499 1477 2551 hier.
1490 2498 1518 2558 d.

186 2581 303 2631 monimo
320 2583 459 2629 conuentu.
496 2576 563 2628 Tute
588 2577 654 2630 isses
678 2580 762 2630 oresio
788 2577 835 2630 de·
873 2579 904 2636 e.
922 2577 949 2628 9.
970 2577 1025 2629 cic.
1045 2577 1247 2629 sescenos.»
1266 2578 1390 2630 Cetemm
1408 2579 1520 2633 etWei·

188 2659 290 2722 perdits
309 2661 358 2709 est.
384 2681 415 2694 -
444 2657 474 2709 P.
495 2655 646 2721 Vatinium]
673 2657 720 2710 cir.
739 2658 768 2709 c.
788 2658 832 2709 ii.
873 2658 948 2711 thero
966 2664 993 2709 st
1010 2659 1137 2722 liupertio
1155 2658 1254 2720 piecuit
1272 2661 1381 2722 pristine
1399 2673 1457 2712 mee
1480 2660 1520 2711 di·

187 2739 238 2789 ilic
255 2751 361 2801 quoque
379 2737 561 2801 intelliguntur
580 2741 669 2800 posius
689 2740 835 2789 secessere.
872 2739 990 2789 nosue:
1025 2738 1143 2801 plerique
1159 2744 1183 2790 ee
1200 2738 1400 2791 ememonniihus
1416 2740 1520 2791 ortibus

187 2830 234 2871 nes
252 2817 323 2869 Celei
342 2819 369 2868 in
388 2816 536 2878 Vatinium.
556 2830 634 2882 quem
653 2818 788 2870 ciceronis
807 2823 833 2868 in
871 2822 1016 2868 uterentur.
1036 2842 1068 2854 -
1097 2816 1168 2879 icem
1187 2816 1372 2882 odmoushnnt]
1399 2819 1519 2873 Tniiisns

188 2896 497 2961 eundemluterrorstio.
511 2921 541 2934 ·-
555 2895 720 2964 censentur]
741 2902 834 2951 receti·
872 2899 923 2947 iem
951 2901 1036 2961 imago
1062 2909 1110 2961 pso
1133 2899 1213 2961 menis
1241 2897 1316 2949 solite
1333 2898 1519 2960 stimulorum.

187 2985 326 3037 mentum
354 2988 384 3028 er
407 2984 545 3041 sereniore
564 2981 656 3029 eetetis
679 2992 738 3029 usu.
769 2978 831 3043 dgr.
871 2977 1028 3038 eeicerium3
1048 2977 1345 3036 deoret.2‚5i‚205s
1365 2992 1519 3042 nepuepor·

187 3057 238 3109 45:
257 3057 344 3108 adhuc
362 3071 418 3108 uno
434 3059 548 3109 uictum
566 3057 650 3109 curus
661 3058 760 3110 illelius
777 3073 833 3110 esn-
870 3058 909 3107 uis
927 3059 956 3106 in
972 3058 1047 3108 rrius
1070 3057 1231 3109 adhidendus
1254 3064 1315 3107 sunt
1343 3058 1393 3106 hoe
1417 3058 1520 3109 dicendi

186 3136 303 3191 seium.
322 3136 390 3187 Plio.
410 3136 475 3188 Pen.
494 3137 527 3187 ie
539 3172 547 3196 ,
558 3138 594 3189 5:
616 3138 741 3203 Quisquis
751 3140 833 3202 puuic
871 3133 941 3197 iores
953 3144 1003 3187 eet.
1023 3136 1055 3193 ³.
1072 3134 1150 3193 m:
1170 3138 1211 3186 iiie
1229 3150 1286 3186 eum
1303 3137 1402 3186 domini
1419 3162 1430 3174 ·
1447 3139 1519 3189 urhe·

186 3217 314 3267 sumetur
340 3215 429 3277 miles,
457 3223 483 3266 te
508 3217 681 3268 commilitone
706 3226 832 3269 censetur.
870 3218 952 3267 menti
968 3245 983 3257 -
1000 3246 1017 3257 ·
1034 3216 1155 3279 Phiiippo
1176 3217 1254 3279 quusi
1277 3216 1405 3283 quosdam
1431 3218 1519 3268 uerio-

187 3295 262 3349 Suet·
283 3293 468 3347 (insumitis
498 3294 682 3349 Eratosthenes
696 3297 835 3360 multiplici
870 3310 930 3345 rum
947 3295 1017 3359 foces
1034 3297 1189 3348 admouisset
1208 3301 1258 3346 cet·
1295 3296 1450 3357 hietsphoee
1478 3311 1518 3349 re·

185 3377 314 3439 comaque
339 3374 464 3425 doctrino
488 3375 651 3427 censebatur.
689 3378 745 3428 iios
772 3391 833 3441 ergo
873 3378 954 3439 peries
982 3376 1084 3428 ridetur
1108 3389 1123 3427 e
1147 3378 1282 3428 tormentis
1302 3376 1438 3427 homiuum
1457 3389 1518 3429 eon·

189 3455 272 3507 dicits
299 3454 349 3506 ede
368 3460 502 3506 cretosum
521 3455 672 3518 eloquentie
690 3464 716 3508 et
735 3460 833 3507 meritis
872 3456 1060 3508 sceleratorum
1094 3462 1174 3518 etque
1212 3458 1340 3518 imprimis
1371 3468 1517 3509 serrorum.

186 3535 305 3587 homines
325 3534 444 3587 iudicent
461 3538 541 3598 meeis
562 3548 592 3587 er
611 3536 761 3588 huiusmodi
776 3550 833 3587 ors·
870 3524 1167 3598 Lueretius'd,10·29=
1205 3536 1333 3598 Verius,
1363 3538 1517 3603 cornuiiees.

186 3617 301 3667 donicus
329 3615 362 3667 de
386 3615 466 3667 rebus
490 3613 602 3666 turbidis
624 3628 655 3666 ee
673 3615 832 3668 iecinoribus
869 3616 960 3674 robur,
979 3619 1055 3679 pin,
1075 3617 1192 3673 iumine,
1212 3617 1320 3677 sardou
1339 3630 1426 3680 seque
1443 3632 1519 3669 usus·

187 3707 265 3760 esem
290 3708 320 3747 es
346 3695 495 3758 placidioris
513 3697 617 3759 seueris
635 3695 832 3748 detensionihus
872 3704 949 3757 psius
972 3696 1004 3745 de
1024 3698 1139 3760 eorporis
1158 3695 1305 3747 doicrihus.
1337 3696 1392 3748 Cic.
1413 3698 1445 3748 de
1464 3698 1516 3750 ou.

186 3776 227 3830 rei
246 3788 277 3827 er
295 3779 379 3827 esuris
397 3775 519 3827 ciuilibus
536 3775 569 3826 eh
590 3774 639 3825 iilis
659 3779 802 3827 tractetis.»
871 3775 904 3835 2,
918 3777 967 3835 iii,
981 3774 1030 3825 3¹1:
1050 3774 1169 3825 doiorum
1186 3790 1245 3826 cum
1257 3777 1427 3827 admouentur
1439 3779 1516 3842 ineu.

219 3854 264 3908 eo.
288 3856 384 3918 popuii
401 3868 502 3922 pucpue
518 3860 543 3906 et
557 3855 696 3906 histriones
714 3851 831 3919 curibus]
870 3855 948 3905 Ture.
968 3852 1125 3915 5,o·1.·1o:
1158 3854 1234 3906 deior
1250 3856 1372 3907 ardentes
1389 3859 1459 3921 [cess
1476 3858 1517 3908 in·

187 3933 255 3987 Cum
273 3938 433 3985 constructio
451 3934 522 3986 nuile
541 3935 620 3985 modo
645 3936 694 3986 sihi
719 3940 831 3993 constet,
869 3941 962 3987 iuuet.
978 3960 1008 3973 ·-
1022 3936 1054 3985 de
1064 3937 1150 3986 otioso
1162 3960 1172 3970 -
1185 3935 1223 4002 re]
1238 3934 1317 4001 (Sene
1328 3937 1360 3988 de
1372 3951 1399 3988 se
1413 3938 1517 4000 puhiirs

186 4013 279 4067 trusere
298 4014 366 4065 hanc
384 4013 468 4064 Codd.
488 4014 629 4067 lectionem
647 4015 832 4077 sspiiesrece·
870 4014 1035 4079 conitendum
1063 4018 1112 4067 uisi
1141 4018 1227 4077 potius
1255 4020 1290 4068 ite
1325 4015 1516 4081 scribendum.)

186 4100 263 4146 uetus
285 4100 324 4146 est
340 4092 579 4158 meruissemus.
611 4097 685 4146 euius
704 4099 830 4147 sadonem
869 4096 994 4147 «Plurimi
1018 4095 1190 4159 eloquentium
1217 4109 1263 4159 per
1281 4096 1350 4147 tiiern
1368 4109 1423 4147 rem
1441 4099 1518 4150 intei-

185 4174 283 4229 rldesie
300 4173 371 4237 epod
381 4173 614 4235 Doederleiniuar‚
633 4180 676 4226 eui
695 4178 750 4237 ipre
768 4179 831 4226 emi·
868 4175 971 4234 lesere,
992 4175 1061 4226 unde
1075 4175 1239 4235 factumest.
1253 4173 1384 4237 utsiinde
1398 4176 1431 4225 eb
1446 4176 1516 4229 lieu·

185 4268 233 4307 eus
251 4253 322 4306 head
334 4267 397 4306 esne
410 4257 542 4318 pessuseii
560 4254 646 4306 iocum
659 4255 831 4319 depreestum
868 4257 975 4315 menno)
994 4255 1146 4316 sehruptioe
1173 4259 1203 4305 iis
1224 4254 1358 4307 rideretur
1382 4257 1465 4305 oresio
1490 4264 1517 4307 et

185 4349 238 4389 non
258 4348 325 4389 esse.
343 4333 421 4387 liniis
439 4347 501 4387 eero
520 4340 732 4388 coniecturarum
745 4337 831 4387 edhue
868 4335 997 4399 quendem
1016 4336 1141 4386 excidisse
1162 4339 1325 4397 putarentur.
1346 4333 1439 4386 snoite
1452 4348 1515 4386 eene

186 4419 379 4483 propositarum
398 4415 538 4478 prebebiiie
558 4422 615 4477 eet,
636 4419 684 4468 etsi
699 4416 831 4468 ileomen·
868 4425 883 4463 e
902 4413 1025 4464 ieudihus
1044 4417 1139 4466 esteris
1157 4414 1327 4477 eloquentius
1347 4414 1380 4464 ed
1396 4414 1515 4466 eiusdem

185 4503 265 4549 nteue
283 4498 329 4557 iis,
348 4496 440 4558 quiin
459 4499 617 4549 recentiores
642 4497 743 4560 linguei
762 4499 832 4546 tunc
870 4492 938 4545 meis
956 4494 1095 4552 transitur.
1122 4493 1168 4545 red
1194 4495 1305 4546 ersiiicio
1324 4494 1438 4556 neodem
1458 4494 1516 4544 she·

186 4576 305 4629 iiheiium
331 4581 504 4634 convertunt.
541 4579 579 4627 sic
604 4578 666 4628 setis
695 4575 831 4626 commode
869 4577 971 4634 ionico,
1001 4579 1134 4636 temonem
1160 4573 1249 4624 adhuc
1270 4585 1329 4624 enm
1349 4573 1515 4624 simuletione

185 4657 300 4711 ridetur.
318 4653 395 4705 Adde
414 4654 587 4706 Busnouiium
606 4655 719 4708 edidisse
738 4655 833 4719 popuii
869 4652 957 4716 sitque
983 4662 1070 4706 uetere
1095 4652 1242 4705 isudeseeii
1267 4665 1299 4704 se
1318 4665 1388 4704 nnnc
1405 4659 1515 4715 repente

186 4738 267 4789 etium
283 4735 421 4786 histriense
437 4735 562 4797 curibus,
582 4736 711 4787 cumniste
729 4734 832 4786 Louen-
869 4736 940 4783 serio
964 4733 1036 4786 ruite
1061 4746 1093 4784 ee
1115 4745 1236 4786 sermone
1261 4736 1382 4784 eetueteti
1401 4736 1515 4794 speeiem

187 4817 274 4868 driuse
290 4813 480 4879 populinien
497 4814 634 4869 dusmense
648 4814 832 4866 astutioribus
869 4813 1026 4865 insidendee
1045 4816 1168 4868 uirtutis.
1195 4825 1274 4876 neem
1292 4815 1348 4874 ipse
1367 4812 1514 4874 eddiderat,

187 4895 305 4947 surmus.
341 4893 430 4958 dinus
458 4894 599 4946 cormones
623 4896 666 4946 eie
689 4894 829 4955 eiicieudi3
868 4893 937 4944 uitro
964 4894 1109 4946 detrudet·
1138 4892 1228 4942 Doro.
1265 4892 1371 4943 Scilicet
1399 4906 1430 4945 er
1454 4907 1515 4946 ecre

187 4979 250 5028 erite
269 4976 339 5026 enim
356 4972 596 5039 liesgeiebechius:
628 4974 768 5040 eiisempie
794 4975 832 5026 hi·
868 4976 948 5025 eninri
977 4977 1106 5025 sententis
1134 4971 1404 5035 ioouiiueileteruue
1429 4986 1514 5036 usque

187 5059 315 5109 seriorum
341 5057 370 5107 iu
394 5054 497 5107 sheetro
524 5056 665 5107 certenins
693 5061 719 5107 ee
745 5055 831 5108 studia
867 5054 901 5108 sd
920 5068 961 5109 er·
981 5066 1047 5118 oues
1060 5052 1209 5104 crateribus
1227 5050 1298 5114 sucu
1309 5053 1513 5118 admoueionei,
